3196 4986
183 297 223 362 28
397 290 592 362 Annsunn
620 313 671 363 nn
700 289 884 365 Pausian
914 291 1216 364 Zooaausumu.

181 541 256 614 rice
285 543 326 636 z),
352 567 444 639 quae
476 544 635 642 Musque
659 545 912 642 Onithophilis
938 546 1182 617 adducuntur.
1236 543 1279 618 C.
1305 542 1430 617 Oenas

183 683 304 756 colore
336 686 495 758 maxime
527 689 671 774 variat,
708 712 823 783 quum
854 687 892 759 in
919 697 1016 760 statu
1050 673 1251 758 domestico
1282 697 1360 758 tum
1391 686 1430 757 in

182 837 396 921 spontaneo:
425 827 462 898 in
490 829 640 901 urbibus
665 853 758 924 quae
777 832 1019 924 reperiuntur,
1040 829 1254 923 plerumque
1273 827 1430 923 alicujus

181 966 320 1040 domini
347 975 447 1051 sunt,
467 967 511 1039 in-
533 970 636 1064 pagis
662 980 783 1041 autern
810 993 916 1040 nemo
941 969 1021 1040 illas
1049 967 1148 1052 colit,
1177 977 1214 1039 et
1240 990 1428 1061 passerum

179 1107 296 1180 instar
324 1107 362 1178 in
393 1109 595 1203 tegminum
628 1110 802 1182 stramine
833 1118 895 1181 aut
927 1110 994 1182 sub
1024 1089 1270 1202 tegminibus,
1304 1109 1358 1180 vei
1388 1109 1428 1180 in

181 1249 310 1321 ceteris
354 1250 445 1322 locis
485 1251 580 1344 aptis
624 1251 831 1336 nidificant,
868 1261 904 1325 et
947 1251 1079 1345 hyeme
1119 1274 1193 1322 non
1232 1250 1429 1345 transmig-

181 1399 289 1476 rant·;
325 1391 460 1487 pariter
494 1402 530 1464 et
561 1393 599 1464 in
631 1393 766 1487 sylvis,
803 1393 841 1464 in
875 1392 1064 1476 cavernis,
1100 1391 1138 1462 in
1171 1391 1291 1475 saxis,
1317 1391 1429 1480 riuo-
1526 1411 1532 1430 ·

180 1533 280 1605 ribus
325 1534 553 1628 praeruptu,
590 1534 792 1629 ceterisque
837 1534 926 1606 locis
969 1533 1119 1605 incultis
1155 1533 1431 1627 uulgatissimae

179 1675 433 1770 reperiuntur,
467 1685 503 1748 et
534 1675 600 1746 hae
627 1675 760 1768 partim
792 1674 1076 1768 transmigrant,
1109 1674 1229 1769 partin
1260 1674 1310 1746 ibi
1339 1673 1429 1769 hye-

69 1901 78 1910 g
180 1826 294 1888 mant.
349 1815 397 1887 In
425 1817 612 1911 provincia
639 1815 915 1912 Orenburgensi
944 1816 1218 1910 copiosissimae
1246 1823 1359 1901 suut,
1392 1828 1430 1887 et

179 1958 217 2029 in
248 1957 351 2052 pagis
383 1958 483 2030 etin
511 1957 602 2029 locis
633 1957 807 2042 incultis,
835 1957 873 2028 in
905 1955 1027 2042 saxiS,
1056 1966 1140 2044 etc;
1176 1956 1213 2029 in
1242 1957 1430 2030 montibus

181 2096 421 2170 Uralensibus
457 2098 617 2202 ubique,
655 2122 739 2171 cum
776 2097 829 2169 cis
865 2106 945 2170 tum
981 2099 1076 2169 ultra
1111 2121 1199 2183 eos,
1240 2097 1430 2169 immensis

179 2238 310 2311 turmis
341 2239 379 2309 in
407 2238 475 2310 viis
506 2248 543 2310 et
573 2238 702 2311 ceteris
733 2238 823 2311 loeis
862 2238 1011 2312 incultis
1042 2239 1218 2334 pabulum
1255 2238 1429 2333 colligen-

180 2392 235 2453 tes
265 2380 528 2464 inyeniuntur3
568 2380 655 2475 quid
697 2380 844 2453 multa?
884 2381 1080 2453 transitum
1111 2379 1427 2452 evidentissimum

180 2547 201 2594 a
227 2531 324 2595 statu
352 2530 556 2616 spontaneo
581 2522 620 2592 in
648 2522 890 2594 domesticum
910 2522 1078 2594 videmus
1104 2529 1140 2592 et
1168 2519 1263 2593 hanc
1290 2520 1430 2592 colum·

180 2665 263 2736 bam
298 2663 416 2757 ipsam
452 2663 498 2735 ad
533 2663 702 2735 homiues
737 2663 906 2750 venisse,
944 2674 981 2736 et
1017 2662 1187 2734 homines
1219 2662 1317 2734 iliam
1354 2685 1430 2735 non

181 2805 340 2878 cicurem
377 2803 506 2876 secisse
540 2805 828 2899 cognoscimus3
865 2804 983 2901 primo
1017 2802 1236 2889 frumentis,
1273 2804 1331 2875 vel
1368 2827 1428 2900 ge-

180 2945 348 3019 neraliter
373 2945 507 3042 pabulo
533 2945 726 3019 invitatam
751 2969 830 3018 esse
855 2945 946 3017 nihil
973 2945 1074 3018 dubii
1102 2954 1168 3017 est.
1197 2985 1248 2995 -

1584 2203 1585 2228 i

1549 3492 1554 3510 ι
