<?xml version="1.0" encoding="UTF-8"?>
<!DOCTYPE html PUBLIC "-//W3C//DTD XHTML 1.0 Transitional//EN"
    "http://www.w3.org/TR/xhtml1/DTD/xhtml1-transitional.dtd">
<html xmlns="http://www.w3.org/1999/xhtml" xml:lang="en" lang="en">
 <head>
  <title>
</title>
<meta http-equiv="Content-Type" content="text/html;charset=utf-8" />
  <meta name='ocr-system' content='tesseract 3.04.00' />
  <meta name='ocr-capabilities' content='ocr_page ocr_carea ocr_par ocr_line ocrx_word'/>
</head>
<body>
  <div class='ocr_page' id='page_1' title='image "./reprinteversman00evergoog_0058.png"; bbox 0 0 3196 4986; ppageno 0'>
   <div class='ocr_carea' id='block_1_1' title="bbox 1375 281 1410 344">
    <p class='ocr_par' dir='ltr' id='par_1_1' title="bbox 1375 281 1410 344">
     <span class='ocr_line' id='line_1_1' title="bbox 1375 281 1410 344; baseline 0 0"><span class='ocrx_word' id='word_1_1' title='bbox 1375 281 1410 344; x_wconf 87' lang='lat'>¹5</span> 
     </span>
    </p>
   </div>
   <div class='ocr_carea' id='block_1_2' title="bbox 156 502 1410 745">
    <p class='ocr_par' dir='ltr' id='par_1_2' title="bbox 156 502 1410 745">
     <span class='ocr_line' id='line_1_2' title="bbox 165 502 1410 601; baseline 0.004 -29"><span class='ocrx_word' id='word_1_2' title='bbox 165 551 174 572; x_wconf 67' lang='lat'>,</span> <span class='ocrx_word' id='word_1_3' title='bbox 260 502 414 577; x_wconf 79' lang='lat' dir='ltr'>Habitat</span> <span class='ocrx_word' id='word_1_4' title='bbox 433 505 523 592; x_wconf 86' lang='lat' dir='ltr'>avis,</span> <span class='ocrx_word' id='word_1_5' title='bbox 540 530 632 601; x_wconf 91' lang='lat' dir='ltr'>quae</span> <span class='ocrx_word' id='word_1_6' title='bbox 650 529 670 578; x_wconf 90' lang='lat' dir='ltr'>a</span> <span class='ocrx_word' id='word_1_7' title='bbox 690 508 922 582; x_wconf 85' lang='lat' dir='ltr'><strong>venatoribus</strong></span> <span class='ocrx_word' id='word_1_8' title='bbox 940 507 1081 582; x_wconf 89' lang='lat' dir='ltr'>altaicis</span> <span class='ocrx_word' id='word_1_9' title='bbox 1099 507 1205 581; x_wconf 89' lang='lat' dir='ltr'>tetrix</span> <span class='ocrx_word' id='word_1_10' title='bbox 1224 505 1410 579; x_wconf 87' lang='lat' dir='ltr'>chinensis</span> 
     </span>
     <span class='ocr_line' id='line_1_3' title="bbox 156 644 1409 745; baseline -0.001 -27"><span class='ocrx_word' id='word_1_11' title='bbox 156 645 319 730; x_wconf 79' lang='lat' dir='ltr'>auditur,</span> <span class='ocrx_word' id='word_1_12' title='bbox 340 644 376 716; x_wconf 93' lang='lat' dir='ltr'>in</span> <span class='ocrx_word' id='word_1_13' title='bbox 402 646 554 722; x_wconf 81' lang='lat' dir='ltr'>summis</span> <span class='ocrx_word' id='word_1_14' title='bbox 574 649 715 742; x_wconf 81' lang='lat' dir='ltr'>alpibus</span> <span class='ocrx_word' id='word_1_15' title='bbox 738 651 835 722; x_wconf 85' lang='lat' dir='ltr'>cirea</span> <span class='ocrx_word' id='word_1_16' title='bbox 850 648 954 725; x_wconf 87' lang='lat' dir='ltr'>fluvii</span> <span class='ocrx_word' id='word_1_17' title='bbox 971 649 1153 745; x_wconf 86' lang='lat' dir='ltr'>Tschujae</span> <span class='ocrx_word' id='word_1_18' title='bbox 1175 647 1295 722; x_wconf 83' lang='lat' dir='ltr'>fontes</span> <span class='ocrx_word' id='word_1_19' title='bbox 1317 646 1409 721; x_wconf 92' lang='lat' dir='ltr'>etin</span> 
     </span>
    </p>
   </div>
   <div class='ocr_carea' id='block_1_3' title="bbox 793 910 802 944">
    <p class='ocr_par' dir='ltr' id='par_1_3' title="bbox 793 910 802 944">
     <span class='ocr_line' id='line_1_4' title="bbox 793 910 802 944; baseline 0 0"><span class='ocrx_word' id='word_1_20' title='bbox 793 910 802 944; x_wconf 67' lang='lat' dir='ltr'>t</span> 
     </span>
    </p>
   </div>
   <div class='ocr_carea' id='block_1_4' title="bbox 393 1387 1166 1467">
    <p class='ocr_par' dir='ltr' id='par_1_4' title="bbox 393 1387 1166 1467">
     <span class='ocr_line' id='line_1_5' title="bbox 393 1387 1166 1467; baseline 0.003 -3"><span class='ocrx_word' id='word_1_21' title='bbox 393 1387 737 1464; x_wconf 79' lang='lat' dir='ltr'><em>SYRRHAPTES</em></span> <span class='ocrx_word' id='word_1_22' title='bbox 759 1389 1077 1466; x_wconf 79' lang='lat' dir='ltr'><em>PARADOXUS</em></span> <span class='ocrx_word' id='word_1_23' title='bbox 1104 1391 1166 1467; x_wconf 84' lang='lat' dir='ltr'><em>Ill.</em></span> 
     </span>
    </p>
   </div>
   <div class='ocr_carea' id='block_1_5' title="bbox 551 1623 1013 1722">
    <p class='ocr_par' dir='ltr' id='par_1_5' title="bbox 551 1623 1013 1722">
     <span class='ocr_line' id='line_1_6' title="bbox 551 1623 1013 1722; baseline 0 -25"><span class='ocrx_word' id='word_1_24' title='bbox 551 1625 681 1698; x_wconf 82' lang='lat' dir='ltr'>Tatruo</span> <span class='ocrx_word' id='word_1_25' title='bbox 692 1625 888 1722; x_wconf 76' lang='lat' dir='ltr'>paratiora</span> <span class='ocrx_word' id='word_1_26' title='bbox 912 1623 1013 1698; x_wconf 77' lang='lat' dir='ltr'>Patr.</span> 
     </span>
    </p>
   </div>
   <div class='ocr_carea' id='block_1_6' title="bbox 151 1885 1402 2267">
    <p class='ocr_par' dir='ltr' id='par_1_6' title="bbox 151 1885 1402 2267">
     <span class='ocr_line' id='line_1_7' title="bbox 255 1885 1402 1983; baseline -0.001 -22"><span class='ocrx_word' id='word_1_27' title='bbox 255 1885 1402 1983; x_wconf 83' lang='lat' dir='ltr'>Cumfeminaeetjuvenesmiraehujusavisornithologisadhuc</span> 
     </span>
     <span class='ocr_line' id='line_1_8' title="bbox 151 2025 1402 2126; baseline -0.005 -22"><span class='ocrx_word' id='word_1_28' title='bbox 151 2032 302 2118; x_wconf 86' lang='lat' dir='ltr'>lateant,</span> <span class='ocrx_word' id='word_1_29' title='bbox 322 2054 390 2126; x_wconf 89' lang='lat' dir='ltr'>ego</span> <span class='ocrx_word' id='word_1_30' title='bbox 409 2037 531 2104; x_wconf 87' lang='lat' dir='ltr'>autem</span> <span class='ocrx_word' id='word_1_31' title='bbox 550 2028 751 2126; x_wconf 87' lang='lat' dir='ltr'>compluria</span> <span class='ocrx_word' id='word_1_32' title='bbox 770 2028 982 2124; x_wconf 83' lang='lat' dir='ltr'>specimina,</span> <span class='ocrx_word' id='word_1_33' title='bbox 1002 2037 1039 2101; x_wconf 90' lang='lat' dir='ltr'>et</span> <span class='ocrx_word' id='word_1_34' title='bbox 1057 2052 1175 2102; x_wconf 88' lang='lat' dir='ltr'>mares</span> <span class='ocrx_word' id='word_1_35' title='bbox 1194 2037 1230 2101; x_wconf 88' lang='lat' dir='ltr'>et</span> <span class='ocrx_word' id='word_1_36' title='bbox 1248 2025 1402 2100; x_wconf 88' lang='lat' dir='ltr'>seminas</span> 
     </span>
     <span class='ocr_line' id='line_1_9' title="bbox 151 2168 1349 2267; baseline -0.004 -21"><span class='ocrx_word' id='word_1_37' title='bbox 151 2186 188 2246; x_wconf 91' lang='lat' dir='ltr'>et</span> <span class='ocrx_word' id='word_1_38' title='bbox 202 2172 371 2267; x_wconf 82' lang='lat' dir='ltr'>juvenes,</span> <span class='ocrx_word' id='word_1_39' title='bbox 390 2169 610 2266; x_wconf 82' lang='lat' dir='ltr'>possideam,</span> <span class='ocrx_word' id='word_1_40' title='bbox 625 2193 753 2244; x_wconf 91' lang='lat' dir='ltr'>eorum</span> <span class='ocrx_word' id='word_1_41' title='bbox 771 2170 1011 2243; x_wconf 86' lang='lat' dir='ltr'>differentiam</span> <span class='ocrx_word' id='word_1_42' title='bbox 1030 2169 1201 2244; x_wconf 85' lang='lat' dir='ltr'>exhibere</span> <span class='ocrx_word' id='word_1_43' title='bbox 1219 2168 1349 2244; x_wconf 82' lang='lat' dir='ltr'>ausim.</span> 
     </span>
    </p>
   </div>
   <div class='ocr_carea' id='block_1_7' title="bbox 149 2363 1407 2922">
    <p class='ocr_par' dir='ltr' id='par_1_7' title="bbox 149 2363 1407 2922">
     <span class='ocr_line' id='line_1_10' title="bbox 253 2363 1407 2501; baseline -0.003 -22"><span class='ocrx_word' id='word_1_44' title='bbox 253 2405 375 2479; x_wconf 89' lang='lat' dir='ltr'>Mares</span> <span class='ocrx_word' id='word_1_45' title='bbox 387 2404 501 2478; x_wconf 84' lang='lat' dir='ltr'>adulti</span> <span class='ocrx_word' id='word_1_46' title='bbox 512 2402 1218 2501; x_wconf 87' lang='lat' dir='ltr'>optimeconveniuntcumdescriptione</span> <span class='ocrx_word' id='word_1_47' title='bbox 1230 2363 1407 2476; x_wconf 56' lang='lat' dir='ltr'>celeberr(</span> 
     </span>
     <span class='ocr_line' id='line_1_11' title="bbox 153 2543 1398 2641; baseline 0.001 -25"><span class='ocrx_word' id='word_1_48' title='bbox 153 2543 310 2631; x_wconf 88' lang='lat' dir='ltr'>Pallasii,</span> <span class='ocrx_word' id='word_1_49' title='bbox 325 2546 362 2618; x_wconf 94' lang='lat' dir='ltr'>in</span> <span class='ocrx_word' id='word_1_50' title='bbox 381 2544 611 2641; x_wconf 88' lang='lat' dir='ltr'>Zoographia</span> <span class='ocrx_word' id='word_1_51' title='bbox 625 2543 896 2616; x_wconf 86' lang='lat' dir='ltr'>rosso-asiatica</span> <span class='ocrx_word' id='word_1_52' title='bbox 914 2543 998 2617; x_wconf 90' lang='lat' dir='ltr'>data</span> <span class='ocrx_word' id='word_1_53' title='bbox 1012 2573 1021 2631; x_wconf 93' lang='lat'>;</span> <span class='ocrx_word' id='word_1_54' title='bbox 1050 2543 1261 2640; x_wconf 80' lang='lat' dir='ltr'>diligentius</span> <span class='ocrx_word' id='word_1_55' title='bbox 1275 2554 1398 2617; x_wconf 88' lang='lat' dir='ltr'>autem</span> 
     </span>
     <span class='ocr_line' id='line_1_12' title="bbox 149 2661 1397 2780; baseline -0.002 -20"><span class='ocrx_word' id='word_1_56' title='bbox 149 2687 263 2760; x_wconf 88' lang='lat' dir='ltr'>celeb.</span> <span class='ocrx_word' id='word_1_57' title='bbox 283 2661 534 2761; x_wconf 84' lang='lat' dir='ltr'>Lichtenstein</span> <span class='ocrx_word' id='word_1_58' title='bbox 553 2709 615 2759; x_wconf 90' lang='lat' dir='ltr'>eos</span> <span class='ocrx_word' id='word_1_59' title='bbox 634 2685 827 2780; x_wconf 87' lang='lat' dir='ltr'><strong>descripsit</strong></span> <span class='ocrx_word' id='word_1_60' title='bbox 846 2685 884 2756; x_wconf 93' lang='lat' dir='ltr'>in</span> <span class='ocrx_word' id='word_1_61' title='bbox 897 2683 1158 2759; x_wconf 83' lang='lat' dir='ltr'>Eversmann&#39;s</span> <span class='ocrx_word' id='word_1_62' title='bbox 1176 2686 1284 2760; x_wconf 90' lang='lat' dir='ltr'>Reise</span> <span class='ocrx_word' id='word_1_63' title='bbox 1303 2688 1397 2759; x_wconf 88' lang='lat' dir='ltr'>nach</span> 
     </span>
     <span class='ocr_line' id='line_1_13' title="bbox 149 2826 1174 2922; baseline 0.002 -23"><span class='ocrx_word' id='word_1_64' title='bbox 149 2827 329 2912; x_wconf 88' lang='lat' dir='ltr'>Buohara,</span> <span class='ocrx_word' id='word_1_65' title='bbox 349 2829 407 2901; x_wconf 90' lang='lat' dir='ltr'>cui</span> <span class='ocrx_word' id='word_1_66' title='bbox 427 2827 662 2922; x_wconf 82' lang='lat' dir='ltr'>descriptioni</span> <span class='ocrx_word' id='word_1_67' title='bbox 681 2826 772 2899; x_wconf 92' lang='lat' dir='ltr'>nihil</span> <span class='ocrx_word' id='word_1_68' title='bbox 791 2827 997 2900; x_wconf 89' lang='lat' dir='ltr'>addendum</span> <span class='ocrx_word' id='word_1_69' title='bbox 1019 2827 1174 2901; x_wconf 89' lang='lat' dir='ltr'>videtur.</span> 
     </span>
    </p>
   </div>
   <div class='ocr_carea' id='block_1_8' title="bbox 146 3053 1397 3435">
    <p class='ocr_par' dir='ltr' id='par_1_8' title="bbox 146 3053 1397 3435">
     <span class='ocr_line' id='line_1_14' title="bbox 248 3053 1397 3149; baseline 0.001 -22"><span class='ocrx_word' id='word_1_70' title='bbox 248 3056 400 3128; x_wconf 86' lang='lat' dir='ltr'>Femina</span> <span class='ocrx_word' id='word_1_71' title='bbox 417 3056 539 3128; x_wconf 89' lang='lat' dir='ltr'>minus</span> <span class='ocrx_word' id='word_1_72' title='bbox 558 3054 669 3128; x_wconf 89' lang='lat' dir='ltr'>distat</span> <span class='ocrx_word' id='word_1_73' title='bbox 688 3079 709 3127; x_wconf 89' lang='lat' dir='ltr'>a</span> <span class='ocrx_word' id='word_1_74' title='bbox 727 3076 825 3127; x_wconf 87' lang='lat' dir='ltr'>mare</span> <span class='ocrx_word' id='word_1_75' title='bbox 844 3078 954 3149; x_wconf 88' lang='lat' dir='ltr'>quam</span> <span class='ocrx_word' id='word_1_76' title='bbox 972 3053 1011 3126; x_wconf 95' lang='lat' dir='ltr'>in</span> <span class='ocrx_word' id='word_1_77' title='bbox 1028 3054 1153 3127; x_wconf 89' lang='lat' dir='ltr'>multis</span> <span class='ocrx_word' id='word_1_78' title='bbox 1177 3054 1256 3127; x_wconf 89' lang='lat' dir='ltr'>aliis</span> <span class='ocrx_word' id='word_1_79' title='bbox 1275 3056 1397 3128; x_wconf 82' lang='lat' dir='ltr'>avium</span> 
     </span>
     <span class='ocr_line' id='line_1_15' title="bbox 146 3195 1394 3292; baseline 0 -22"><span class='ocrx_word' id='word_1_80' title='bbox 146 3197 348 3292; x_wconf 85' lang='lat' dir='ltr'>speciebus,</span> <span class='ocrx_word' id='word_1_81' title='bbox 369 3197 518 3292; x_wconf 90' lang='lat' dir='ltr'>ejusque</span> <span class='ocrx_word' id='word_1_82' title='bbox 537 3197 743 3291; x_wconf 87' lang='lat' dir='ltr'>plumarum</span> <span class='ocrx_word' id='word_1_83' title='bbox 764 3195 903 3266; x_wconf 91' lang='lat' dir='ltr'>colores</span> <span class='ocrx_word' id='word_1_84' title='bbox 924 3205 980 3267; x_wconf 89' lang='lat' dir='ltr'>sat</span> <span class='ocrx_word' id='word_1_85' title='bbox 997 3195 1181 3289; x_wconf 80' lang='lat' dir='ltr'>elegantes</span> <span class='ocrx_word' id='word_1_86' title='bbox 1200 3205 1312 3283; x_wconf 91' lang='lat' dir='ltr'>sunt;</span> <span class='ocrx_word' id='word_1_87' title='bbox 1340 3221 1394 3284; x_wconf 88' lang='lat' dir='ltr'>ea,</span> 
     </span>
     <span class='ocr_line' id='line_1_16' title="bbox 146 3335 1394 3435; baseline 0 -24"><span class='ocrx_word' id='word_1_88' title='bbox 146 3364 259 3435; x_wconf 91' lang='lat' dir='ltr'>aeque</span> <span class='ocrx_word' id='word_1_89' title='bbox 274 3363 316 3412; x_wconf 88' lang='lat' dir='ltr'>ac</span> <span class='ocrx_word' id='word_1_90' title='bbox 329 3362 417 3424; x_wconf 89' lang='lat' dir='ltr'>mas,</span> <span class='ocrx_word' id='word_1_91' title='bbox 430 3337 564 3433; x_wconf 88' lang='lat' dir='ltr'>gaudet</span> <span class='ocrx_word' id='word_1_92' title='bbox 580 3337 707 3433; x_wconf 89' lang='lat' dir='ltr'>pennis</span> <span class='ocrx_word' id='word_1_93' title='bbox 719 3335 856 3408; x_wconf 89' lang='lat' dir='ltr'>caudae</span> <span class='ocrx_word' id='word_1_94' title='bbox 870 3336 1010 3409; x_wconf 88' lang='lat' dir='ltr'>duabus</span> <span class='ocrx_word' id='word_1_95' title='bbox 1023 3337 1247 3432; x_wconf 82' lang='lat' dir='ltr'>longioribus</span> <span class='ocrx_word' id='word_1_96' title='bbox 1262 3340 1394 3412; x_wconf 86' lang='lat' dir='ltr'>acutis-</span> 
     </span>
    </p>
   </div>
   <div class='ocr_carea' id='block_1_9' title="bbox 23 3477 1395 3578">
    <p class='ocr_par' dir='ltr' id='par_1_9' title="bbox 23 3477 1395 3578">
     <span class='ocr_line' id='line_1_17' title="bbox 23 3477 1395 3578; baseline 0 -26"><span class='ocrx_word' id='word_1_97' title='bbox 23 3493 28 3510; x_wconf 85' lang='lat'><em>‘</em></span> <span class='ocrx_word' id='word_1_98' title='bbox 146 3481 259 3568; x_wconf 90' lang='lat' dir='ltr'>simis,</span> <span class='ocrx_word' id='word_1_99' title='bbox 276 3504 367 3578; x_wconf 89' lang='lat' dir='ltr'>quae</span> <span class='ocrx_word' id='word_1_100' title='bbox 386 3479 512 3552; x_wconf 88' lang='lat' dir='ltr'>eadem</span> <span class='ocrx_word' id='word_1_101' title='bbox 526 3477 767 3574; x_wconf 86' lang='lat' dir='ltr'>longitudine,</span> <span class='ocrx_word' id='word_1_102' title='bbox 784 3501 855 3574; x_wconf 89' lang='lat' dir='ltr'>qua</span> <span class='ocrx_word' id='word_1_103' title='bbox 873 3477 909 3548; x_wconf 93' lang='lat' dir='ltr'>in</span> <span class='ocrx_word' id='word_1_104' title='bbox 930 3501 1042 3564; x_wconf 87' lang='lat' dir='ltr'>mare,</span> <span class='ocrx_word' id='word_1_105' title='bbox 1057 3478 1259 3575; x_wconf 87' lang='lat' dir='ltr'>eodemque</span> <span class='ocrx_word' id='word_1_106' title='bbox 1274 3480 1395 3554; x_wconf 90' lang='lat' dir='ltr'>colore</span> 
     </span>
    </p>
   </div>
   <div class='ocr_carea' id='block_1_10' title="bbox 136 3605 1396 4436">
    <p class='ocr_par' dir='ltr' id='par_1_10' title="bbox 136 3605 1396 4436">
     <span class='ocr_line' id='line_1_18' title="bbox 143 3605 1396 3716; baseline 0 -24"><span class='ocrx_word' id='word_1_107' title='bbox 143 3633 249 3692; x_wconf 88' lang='lat' dir='ltr'>sunt:</span> <span class='ocrx_word' id='word_1_108' title='bbox 270 3619 347 3693; x_wconf 91' lang='lat' dir='ltr'>basi</span> <span class='ocrx_word' id='word_1_109' title='bbox 357 3605 539 3704; x_wconf 85' lang='lat' dir='ltr'>cinereae,</span> <span class='ocrx_word' id='word_1_110' title='bbox 553 3620 654 3714; x_wconf 90' lang='lat' dir='ltr'>apice</span> <span class='ocrx_word' id='word_1_111' title='bbox 667 3619 802 3713; x_wconf 86' lang='lat' dir='ltr'>nigrae.</span> <span class='ocrx_word' id='word_1_112' title='bbox 840 3617 935 3690; x_wconf 88' lang='lat' dir='ltr'>Sunt</span> <span class='ocrx_word' id='word_1_113' title='bbox 950 3632 1071 3693; x_wconf 89' lang='lat' dir='ltr'>autern</span> <span class='ocrx_word' id='word_1_114' title='bbox 1086 3621 1191 3716; x_wconf 89' lang='lat' dir='ltr'>plura</span> <span class='ocrx_word' id='word_1_115' title='bbox 1204 3629 1303 3708; x_wconf 88' lang='lat' dir='ltr'>nota,</span> <span class='ocrx_word' id='word_1_116' title='bbox 1318 3624 1396 3716; x_wconf 93' lang='lat' dir='ltr'>qui·</span> 
     </span>
     <span class='ocr_line' id='line_1_19' title="bbox 142 3760 1390 3855; baseline 0.002 -22"><span class='ocrx_word' id='word_1_117' title='bbox 142 3763 211 3833; x_wconf 90' lang='lat' dir='ltr'>bus</span> <span class='ocrx_word' id='word_1_118' title='bbox 223 3761 358 3834; x_wconf 84' lang='lat' dir='ltr'>femina</span> <span class='ocrx_word' id='word_1_119' title='bbox 371 3761 502 3833; x_wconf 85' lang='lat' dir='ltr'>differt.</span> <span class='ocrx_word' id='word_1_120' title='bbox 537 3760 658 3855; x_wconf 87' lang='lat' dir='ltr'>Caput</span> <span class='ocrx_word' id='word_1_121' title='bbox 674 3770 709 3832; x_wconf 91' lang='lat' dir='ltr'>et</span> <span class='ocrx_word' id='word_1_122' title='bbox 721 3760 857 3848; x_wconf 84' lang='lat' dir='ltr'>cervix,</span> <span class='ocrx_word' id='word_1_123' title='bbox 871 3784 964 3854; x_wconf 91' lang='lat' dir='ltr'>quae</span> <span class='ocrx_word' id='word_1_124' title='bbox 978 3761 1014 3833; x_wconf 93' lang='lat' dir='ltr'>in</span> <span class='ocrx_word' id='word_1_125' title='bbox 1033 3785 1130 3834; x_wconf 91' lang='lat' dir='ltr'>mare</span> <span class='ocrx_word' id='word_1_126' title='bbox 1144 3763 1390 3847; x_wconf 88' lang='lat' dir='ltr'>immaculata,</span> 
     </span>
     <span class='ocr_line' id='line_1_20' title="bbox 143 3901 1390 3998; baseline 0.004 -26"><span class='ocrx_word' id='word_1_127' title='bbox 143 3904 178 3972; x_wconf 91' lang='lat' dir='ltr'>in</span> <span class='ocrx_word' id='word_1_128' title='bbox 198 3903 333 3976; x_wconf 86' lang='lat' dir='ltr'>femina</span> <span class='ocrx_word' id='word_1_129' title='bbox 348 3902 650 3998; x_wconf 77' lang='lat' dir='ltr'>nigro-maculata</span> <span class='ocrx_word' id='word_1_130' title='bbox 668 3913 767 3988; x_wconf 89' lang='lat' dir='ltr'>sunt,</span> <span class='ocrx_word' id='word_1_131' title='bbox 781 3911 816 3974; x_wconf 94' lang='lat' dir='ltr'>et</span> <span class='ocrx_word' id='word_1_132' title='bbox 831 3925 874 3974; x_wconf 88' lang='lat' dir='ltr'>ea</span> <span class='ocrx_word' id='word_1_133' title='bbox 892 3901 1088 3975; x_wconf 84' lang='lat' dir='ltr'>maculatio</span> <span class='ocrx_word' id='word_1_134' title='bbox 1107 3903 1243 3976; x_wconf 89' lang='lat' dir='ltr'>sensim</span> <span class='ocrx_word' id='word_1_135' title='bbox 1263 3903 1300 3974; x_wconf 93' lang='lat' dir='ltr'>in</span> <span class='ocrx_word' id='word_1_136' title='bbox 1316 3926 1390 3977; x_wconf 87' lang='lat' dir='ltr'>rna-</span> 
     </span>
     <span class='ocr_line' id='line_1_21' title="bbox 141 4043 1390 4140; baseline 0.002 -24"><span class='ocrx_word' id='word_1_137' title='bbox 141 4045 362 4118; x_wconf 85' lang='lat' dir='ltr'>culationem</span> <span class='ocrx_word' id='word_1_138' title='bbox 383 4045 481 4117; x_wconf 87' lang='lat' dir='ltr'>dorsi</span> <span class='ocrx_word' id='word_1_139' title='bbox 499 4044 629 4117; x_wconf 87' lang='lat' dir='ltr'>transit</span> <span class='ocrx_word' id='word_1_140' title='bbox 644 4074 710 4129; x_wconf 87' lang='lat'>;·-</span> <span class='ocrx_word' id='word_1_141' title='bbox 722 4043 907 4137; x_wconf 90' lang='lat' dir='ltr'>plumulae</span> <span class='ocrx_word' id='word_1_142' title='bbox 926 4044 1024 4116; x_wconf 90' lang='lat' dir='ltr'>dorsi</span> <span class='ocrx_word' id='word_1_143' title='bbox 1042 4044 1176 4139; x_wconf 91' lang='lat' dir='ltr'>pariter</span> <span class='ocrx_word' id='word_1_144' title='bbox 1197 4045 1390 4140; x_wconf 82' lang='lat' dir='ltr'>nigro-fas-</span> 
     </span>
     <span class='ocr_line' id='line_1_22' title="bbox 137 4185 1389 4281; baseline 0.001 -23"><span class='ocrx_word' id='word_1_145' title='bbox 137 4187 255 4259; x_wconf 88' lang='lat' dir='ltr'>ciatae</span> <span class='ocrx_word' id='word_1_146' title='bbox 275 4198 373 4274; x_wconf 88' lang='lat' dir='ltr'>sunt,</span> <span class='ocrx_word' id='word_1_147' title='bbox 387 4211 428 4260; x_wconf 90' lang='lat' dir='ltr'>ac</span> <span class='ocrx_word' id='word_1_148' title='bbox 447 4186 484 4258; x_wconf 91' lang='lat' dir='ltr'>in</span> <span class='ocrx_word' id='word_1_149' title='bbox 506 4209 617 4272; x_wconf 87' lang='lat' dir='ltr'>mare,</span> <span class='ocrx_word' id='word_1_150' title='bbox 634 4185 766 4258; x_wconf 78' lang='lat' dir='ltr'>fasciae</span> <span class='ocrx_word' id='word_1_151' title='bbox 784 4194 902 4257; x_wconf 83' lang='lat' dir='ltr'>autern</span> <span class='ocrx_word' id='word_1_152' title='bbox 924 4194 1010 4258; x_wconf 89' lang='lat' dir='ltr'>sunt</span> <span class='ocrx_word' id='word_1_153' title='bbox 1029 4188 1256 4281; x_wconf 87' lang='lat' dir='ltr'>angustiores</span> <span class='ocrx_word' id='word_1_154' title='bbox 1271 4196 1306 4260; x_wconf 91' lang='lat' dir='ltr'>et</span> <span class='ocrx_word' id='word_1_155' title='bbox 1325 4212 1389 4260; x_wconf 87' lang='lat' dir='ltr'>an-</span> 
     </span>
     <span class='ocr_line' id='line_1_23' title="bbox 136 4323 1387 4436; baseline 0.001 -37"><span class='ocrx_word' id='word_1_156' title='bbox 136 4329 282 4422; x_wconf 86' lang='lat' dir='ltr'>gulatae</span> <span class='ocrx_word' id='word_1_157' title='bbox 310 4329 360 4416; x_wconf 91' lang='lat' dir='ltr'>(in</span> <span class='ocrx_word' id='word_1_158' title='bbox 389 4351 484 4400; x_wconf 86' lang='lat' dir='ltr'>mare</span> <span class='ocrx_word' id='word_1_159' title='bbox 512 4323 644 4436; x_wconf 81' lang='lat' dir='ltr'>rectae)</span> <span class='ocrx_word' id='word_1_160' title='bbox 660 4325 838 4422; x_wconf 77' lang='lat' dir='ltr'>3-gula,</span> <span class='ocrx_word' id='word_1_161' title='bbox 868 4326 1026 4421; x_wconf 88' lang='lat' dir='ltr'>sinciput</span> <span class='ocrx_word' id='word_1_162' title='bbox 1055 4338 1089 4401; x_wconf 90' lang='lat' dir='ltr'>et</span> <span class='ocrx_word' id='word_1_163' title='bbox 1117 4329 1231 4401; x_wconf 86' lang='lat' dir='ltr'>latera</span> <span class='ocrx_word' id='word_1_164' title='bbox 1258 4327 1387 4423; x_wconf 86' lang='lat' dir='ltr'>capitis</span> 
     </span>
    </p>
   </div>
   <div class='ocr_carea' id='block_1_11' title="bbox 0 0 1602 4986">
    <p class='ocr_par' dir='ltr' id='par_1_11' title="bbox 0 0 1602 4986">
     <span class='ocr_line' id='line_1_24' title="bbox 0 0 1602 4986; baseline 0 6"><span class='ocrx_word' id='word_1_165' title='bbox 0 0 1602 4986; x_wconf 95' lang='lat' dir='ltr'> </span> 
     </span>
    </p>
   </div>
  </div>
 </body>
</html>
