3196 4986
180 346 199 406 8

396 340 589 412 Annorum
618 359 668 410 nn
695 335 882 408 Pannasrr
910 334 1215 443 Zooonnrnran.

665 591 773 664 rostri
800 589 928 662 baseos
954 583 1015 683 4'''.

433 873 538 969 digiti
564 871 675 945 medii
699 872 779 944 sine
805 893 928 966 ungue
955 865 1017 941 om.

706 1085 907 1099 m*-

786 1111 791 1121 u

324 1225 587 1298 EMBERIZA
624 1222 1094 1298 MELANOCEPHALA.
1128 1223 1288 1320 Scopoli.

383 1489 428 1562 E.
467 1489 597 1563 subtus
634 1489 747 1576 flava,
785 1489 903 1562 cauda
941 1489 1059 1588 nigra*
1080 1488 1329 1586 immaculata,
1358 1511 1434 1560 me-

465 1630 628 1704 sorhinio
655 1630 809 1718 tumido,
838 1630 957 1726 capite
983 1629 1095 1702 maris
1122 1640 1211 1703 atro.

286 1829 330 1902 In
363 1833 502 1930 campis
536 1832 789 1906 ciscaucasicis
828 1843 866 1906 et
906 1834 945 1904 in
976 1832 1135 1906 Caucasi
1168 1833 1433 1928 promontoriis

185 1971 355 2067 frequens
407 1973 496 2045 avis.
589 1971 634 2044 In
683 1974 819 2068 plantis
868 1972 1133 2046 excelsioribus
1184 1975 1292 2047 siccis
1345 1975 1434 2047 anni

186 2112 373 2207 praeteriti
400 2114 531 2186 sedens
559 2123 711 2187 cantum
738 2123 994 2202 monotouum,
1023 2113 1237 2188 Emberizae
1266 2116 1434 2188 aureolae

188 2254 359 2340 similem,
394 2264 572 2351 perpetuo
614 2253 764 2350 prosert3
800 2255 949 2329 homine
988 2256 1183 2330 accedente
1217 2256 1362 2330 turbata
1396 2255 1435 2327 in

188 2397 343 2470 alterum
382 2394 583 2492 virgultum
625 2397 763 2470 siccum
803 2398 1006 2472 transvolat
1046 2408 1083 2470 et
1126 2407 1273 2471 cantum
1315 2396 1436 2469 denuo

187 2538 327 2633 incipit.

187 2743 386 2837 Descriptio
426 2743 546 2816 moris.
618 2743 793 2816 Rostrum
833 2765 998 2816 crassum
1039 2742 1223 2838 nigricans
1264 2752 1328 2816 aut
1358 2765 1436 2814 cor·

289 2885 350 2957 nei
379 2883 526 2970 coloris,
558 2883 781 2958 mesorhinio
810 2882 964 2957 tumido.
1018 2882 1141 2956 Pileus
1171 2895 1208 2957 et
1235 2885 1349 2957 latera
1376 2908 1436 2957 oa-

290 3025 378 3121 pitis
405 3025 584 3099 aterrima.
652 3025 786 3098 Cervix
815 3037 851 3098 et
882 3034 960 3098 tota
988 3024 1150 3099 aviculae
1176 3049 1262 3123 pars
1289 3024 1438 3098 inferior

290 3168 335 3242 ab
367 3167 529 3264 ingluvie
567 3167 613 3240 ad
646 3168 801 3242 crissum
835 3167 1213 3278 usquetflavissimae.
1275 3166 1436 3240 Dorsum

289 3307 718 3395 cinnamomeo·fulvum;
743 3309 962 3406 uropygium
987 3313 1103 3406 magis
1130 3308 1309 3381 flavescit.
1345 3307 1437 3376 Alae

290 3458 326 3522 et
366 3450 484 3523 cauda
523 3450 757 3546 nigricantes.
820 3449 935 3523 Pedes
976 3474 1062 3524 cum
1102 3445 1285 3542 unguibus
1326 3442 1436 3542 palle-

290 3599 446 3663 scentes.

389 3793 535 3866 Marem
570 3793 746 3889 juvenem
779 3793 818 3867 in
853 3793 1020 3868 Caucaso
1055 3791 1187 3876 occidi,
1225 3789 1383 3863 maxime
1418 3813 1440 3861 a

291 3935 408 4008 forma
438 3934 625 4030 primitiva
653 3935 863 4022 distantem,
894 3960 1016 4032 quem,
1046 3935 1076 4008 si
1104 3936 1143 4008 in
1169 3932 1303 4005 Museo
1329 3931 1439 4004 Bero-

291 4076 423 4148 linensi
466 4078 690 4173 exemplaria
730 4085 999 4174 transgressum
1042 4077 1140 4151 inter
1174 4075 1268 4148 hanc
1303 4081 1339 4144 et
1378 4095 1441 4145 no·

291 4225 403 4288 stram
440 4215 636 4292 formantia
671 4242 746 4292 non
783 4219 968 4307 vidissem,
1004 4242 1071 4314 pro
1107 4216 1228 4312 specie
1264 4213 1438 4308 singulari

292 4358 492 4432 habuerim.
573 4359 692 4455 Supra
735 4359 879 4434 avicula
926 4357 1291 4452 luscescentigrissia‚
1336 4352 1441 4427 lusco
