3196 4986
279 605 357 679 lam
373 614 481 678 antea
494 602 549 700 (in
563 603 722 677 Bulletin
738 606 801 678 des
814 604 1060 678 Naturalistes
1075 604 1119 677 de
1131 602 1302 692 Moscou,
1320 608 1427 700 1840.

180 745 234 819 N⁰
253 745 302 842 ι’)
320 749 364 820 de
382 747 498 821 tribus
517 745 725 819 Citillorum
751 747 974 819 rossicorum
995 746 1186 842 speciebus
1204 747 1371 832 tractavi,
1390 754 1429 818 et
1464 769 1469 780 ·

178 912 303 961 earum
329 887 570 961 differentiam
600 887 806 982 specificam
833 887 1103 974 demonstravi;
1134 910 1233 960 nunc
1259 896 1443 984 quartam

179 1030 337 1124 speciem
352 1029 423 1101 illis
435 1028 567 1102 addere
582 1053 745 1123 possum,
759 1030 839 1101 loca
852 1029 1033 1102 montium
1049 1028 1261 1102 altaicorum
1277 1028 1429 1130 herbida

177 1173 216 1242 in
240 1172 444 1254 colentem,
470 1194 653 1265 quamque
682 1169 829 1242 nomine
850 1169 893 1242 Α.
914 1170 1034 1243 altaici
1063 1170 1284 1265 distinguere
1303 1171 1425 1242 velim.

179 1310 300 1382 Primo
328 1311 502 1406 adspectu
533 1311 661 1382 similis
688 1321 744 1382 est
769 1298 1014 1414 Asundulato
1041 1309 1159 1394 Tem.‚
1188 1311 1250 1404 qui
1277 1332 1427 1404 campos

177 1452 298 1524 aridos
316 1450 527 1547 provinciae
545 1449 763 1524 Casauensis
782 1461 818 1528 et
837 1449 1130 1545 Orenburgensis
1151 1450 1305 1528 borealis
1324 1450 1427 1521 inba·
1539 1471 1548 1497 ‹

176 1593 281 1677 bitat,
301 1593 364 1708 sed
389 1592 554 1664 diversus
573 1604 648 1665 est:
641 1592 784 1665 cauda
809 1593 926 1666 multo
943 1593 1107 1726 longiore
1125 1601 1161 1664 et
1187 1592 1317 1687 capitis
1335 1592 1426 1664 late·

177 1734 276 1807 ribus
295 1699 385 1806 albis
404 1735 508 1806 facile
528 1734 773 1829 distinguitur.
861 1765 862 1770 ¹

102 2035 104 2040 ,
175 1969 385 2064 Descriptio.
423 1967 551 2040 Vellus
575 1968 659 2063 pilis
684 1968 866 2053 brevibus
886 1969 1193 2064 subaequilongis.
1239 1967 1425 2043 Notaeum

277 2110 397 2182 albido
410 2109 586 2210 fuscoque
600 2109 889 2183 subundulatum
903 2109 990 2200 (lere
1005 2120 1045 2182 ut
1058 2110 1097 2182 iu
1109 2111 1154 2181 A.
1169 2111 1425 2205 mugosarico),

277 2250 361 2347 pilis
375 2274 519 2323 summa
533 2251 609 2322 basi
626 2250 800 2340 (codario)
815 2250 940 2346 nigris,
956 2261 1045 2324 tunc
1058 2251 1200 2337 albidis,
1214 2262 1303 2324 tunc
1313 2249 1424 2324 fuscis

277 2403 315 2466 et
338 2393 485 2476 tandem
509 2393 612 2490 apice
636 2392 738 2478 albis,
762 2394 895 2480 (colore
913 2391 1017 2464 fusco
1037 2401 1073 2466 et
1092 2392 1174 2464 albo
1197 2391 1423 2465 adumbratio

276 2535 455 2608 undulata
472 2533 855 2629 efficitur)‚-capitis
872 2557 956 2628 pars
975 2533 1105 2629 supina
1123 2533 1322 2622 obseurior,
1342 2534 1427 2630 pilis
1536 2557 1544 2579 .

276 2656 355 2748 basi
369 2674 495 2769 nigris,
510 2674 627 2746 medio
639 2672 764 2760 tuscie,
778 2698 922 2746 summo
933 2674 970 2746 in
984 2674 1086 2769 apice
1098 2674 1227 2746 albidis
1237 2698 1426 2770 ;-rnargo

278 2814 491 2889 auricularis
507 2838 575 2910 pro
598 2838 729 2910 genere
747 2839 917 2910 magnus,
938 2816 1179 2895 subconcolor
1193 2814 1348 2902 ;—vitta
1366 2840 1426 2888 su·

276 2955 1427 3053 praciliaris,capitislatera,guttur,gastraeum,pectorislatera

276 3123 351 3171 una
365 3122 449 3170 curn
464 3097 696 3195 antipedibus
710 3098 792 3170 alba
804 3127 815 3184 ;
840 3096 1049 3170 abdominis
1057 3097 1182 3196 latera,
1196 3123 1368 3172 unacum
1383 3101 1427 3172 ti-

277 3240 419 3312 biarum
431 3239 656 3336 poeticarum
668 3238 842 3312 lateribus
854 3247 1004 3311 externo
1015 3248 1051 3312 et
1064 3239 1425 3337 posticolerrugiuea,

278 3405 385 3479 saepe
413 3389 449 3452 et
476 3380 681 3454 abdominis
708 3404 792 3475 pars
809 3381 952 3476 postica
970 3380 1097 3453 eodem
1119 3381 1239 3453 colore
1255 3382 1428 3478 ;-podia

276 3521 419 3618 postica
436 3521 528 3608 alba,
544 3545 618 3594 nou
637 3545 717 3594 raro
735 3521 879 3594 macula
894 3522 1102 3620 ferruginea
1120 3522 1207 3595 tarsi
1221 3548 1426 3620 ;-ungues
1549 3553 1557 3574 ·

277 3663 469 3736 salculares
489 3663 624 3757 magni,
639 3643 746 3756 nigri,
762 3662 866 3758 apice
880 3661 1001 3736 albidi.
1039 3661 1165 3735 Gauda
1182 3664 1333 3737 dimidio
1347 3689 1426 3738 cor-

159 3825 163 3832 ·
278 3830 366 3902 pore
384 3805 540 3900 longior,
561 3803 744 3900 depressa,
760 3803 930 3891 disticha,
944 3803 1050 3899 longe
1068 3803 1197 3901 pilosa,
1211 3807 1340 3878 subtus
1358 3805 1426 3879 ser·

278 3947 429 4043 ruginea
448 3945 624 4031 unicolor,
641 3969 750 4042 supra
765 3955 800 4018 et
819 3945 994 4018 lateribus
1008 3944 1092 4040 pilis
1106 3946 1182 4018 basi
1197 3945 1425 4042 ferrugineis
1540 4033 1544 4038 ¹
1588 3915 1589 3946 ¹

278 4087 335 4158 vel
354 4086 601 4181 ferruginosis,
623 4087 725 4182 apice
743 4085 870 4180 nigris,
890 4093 1054 4158 extremo
1073 4087 1176 4158 albis

698 4285 907 4356 Mensurae:

331 4423 535 4520 longitudo
554 4425 763 4518 empurias
783 4437 900 4498 rostro
919 4426 962 4498 ad
983 4427 1118 4499 caudae
1138 4425 1239 4500 basin
1259 4421 1298 4525 9⁰
1324 4422 1374 4522 4'''
