3196 4986
1390 341 1409 403 9

156 582 277 643 strum
290 570 400 665 paulo
414 569 584 666 gracilius
598 578 635 642 et
649 540 766 665 magis
780 566 1030 642 acuminatum
1042 574 1109 651 est,
1121 589 1230 661 quam
1243 567 1281 638 in
1294 563 1408 639 Glan-

156 711 272 796 dario,
285 721 321 784 et
336 711 496 784 maxillae
510 734 602 810 apex
617 711 738 784 minus
756 709 924 784 inflexus.
963 707 1078 781 Pedes
1096 707 1203 795 lusci,
1217 731 1290 780 non
1303 709 1407 806 palli·

157 851 406 927 di.-·Cetera
422 875 507 926 cum
527 851 728 927 Glandario
746 860 966 947 congruunt.

259 1170 412 1245 Habitat
426 1172 464 1243 in
477 1172 655 1244 montium
669 1171 894 1244 Altaicorum
908 1171 1080 1246 altiorum
1094 1169 1195 1243 silvis
1206 1169 1289 1243 Pini
1301 1168 1409 1244 Cem-

158 1315 231 1386 brae
246 1323 282 1387 et
295 1314 439 1387 victitat
454 1313 532 1410 ejus
547 1313 747 1386 seminibus
761 1344 771 1401 ;
791 1313 901 1387 etiam
915 1312 1047 1408 hyeme
1060 1335 1104 1386 ea
1118 1313 1198 1385 loca
1212 1336 1286 1384 nou
1299 1312 1407 1385 reliu-

37 1471 47 1495 ·
157 1455 248 1552 quit.
285 1453 483 1529 Evulsione
497 1456 711 1528 nucleorum
726 1463 884 1527 rostrum
900 1477 1008 1549 saepe
1022 1453 1200 1527 deteritur
1213 1432 1252 1526 et¹
1263 1454 1407 1549 laeviga·

156 1606 232 1684 tur,
246 1620 317 1693 qua
327 1619 366 1669 re
379 1597 508 1670 areolae
522 1595 646 1670 nitidae
657 1595 862 1670 formantur
871 1627 880 1682 ;
899 1595 1078 1670 interdum
1094 1597 1202 1669 rostri
1215 1595 1406 1670 indumen-

156 1750 237 1813 tum
259 1761 434 1812 corneum
452 1738 516 1812 tali
536 1738 644 1811 modo
663 1737 878 1826 defricatur,
903 1747 945 1811 ut
969 1761 1102 1844 magua
1118 1737 1408 1812 maxillae'osseae

154 1904 241 1977 pars
260 1879 619 1954 nudetur-Incolis
637 1879 792 1953 Altaicis
810 1857 887 1953 haec
906 1880 983 1954 avis
1002 1877 1216 1953 Kukscha
1234 1881 1392 1955 auditur.

255 2181 400 2258 Nomen
419 2185 501 2266 dedi
519 2184 557 2257 in
575 2184 752 2260 honorem
777 2185 1002 2259 celeberrimi
1020 2184 1232 2259 Academici
1252 2184 1404 2271 Brandt,

156 2327 287 2423 cuique
305 2325 404 2401 fama
421 2337 478 2402 sat
496 2327 586 2400 noti.

305 2926 308 2930 .
439 2872 625 2948 sunum
658 2837 979 2948 rnuvmrrnis
1005 2873 1117 2948 wolf.

232 3157 334 3238 Meyer
351 3157 473 3218 u.Woll⁴
482 3155 643 3217 Tascheub.
663 3157 689 3216 1.
705 3177 734 3235 p.
750 3175 818 3232 ²²9·
835 3188 873 3202 -
887 3157 996 3216 Naum.
1012 3156 1103 3235 Vogel
1123 3157 1273 3217 Deutschl.
1295 3157 1356 3218 111.
1371 3179 1401 3238 p·

150 3263 218 3339 694.
233 3295 273 3308 -
287 3261 421 3323 Solicinio
440 3261 591 3322 fluviatilis
612 3260 744 3342 Keyserl.
767 3283 796 3321 u.
819 3259 897 3321 Bias.
910 3259 1064 3321 Wirbelth.
1086 3279 1116 3340 p.
1139 3261 1206 3322 180.
1226 3283 1255 3321 n.
1280 3277 1346 3337 197.
1361 3297 1402 3308 -

232 3529 291 3614 ,S.
347 3531 765 3628 supraolivaceo·fusea‚
778 3533 1400 3622 immaculata-subtusolivaceo·

353 3675 577 3762 insuescere,
607 3674 811 3749 abdominis
837 3676 957 3750 medio
980 3677 1137 3774 gulaque
1163 3677 1306 3767 albidis,
1333 3677 1401 3751 hac

353 3813 838 3914 fusco-liturata,-remige
856 3817 974 3913 prima
991 3817 1203 3892 lectricibus
1220 3818 1399 3906 breviore,

352 3958 486 4053 remige
505 3957 666 4032 secunda
684 3959 833 4055 reliquis
851 3959 1026 4054 longiore.

249 4244 546 4320 Dnsosrrrro.
600 4215 883 4344 Rostrumlquo
911 4248 957 4322 ad
983 4247 1151 4335 formam,
1171 4252 1217 4324 ad
1237 4249 1398 4347 Sylviam

146 4385 367 4484 Phragmitis
381 4388 532 4477 accedit,
543 4389 604 4462 sed
618 4399 702 4464 ante
715 4413 820 4463 nares
831 4392 941 4486 paulo
958 4392 1073 4486 magis
1085 4403 1314 4466 contractum
1332 4402 1398 4478 est,
