3196 4986
1290 512 1313 551 m

398 519 561 615 unguis.
592 572 599 587 .
627 598 631 608 ¹
630 569 944 605 ,,,,,,,,,
969 569 974 584 Ν,
975 569 1210 589 ,,,,,,,
1266 535 1286 614 3

397 658 501 754 digiti
519 659 649 755 postici
669 661 747 734 sine
765 681 887 755 ungue
933 710 1209 731 ........
1263 651 1337 754 3ψ

394 801 529 897 unguis
558 852 1211 872 ..................
1264 791 1337 896 3Ξ’”

261 1050 354 1125 Avis
369 1075 480 1148 supra
492 1052 677 1149 descripta
687 1052 842 1127 fortasse
855 1077 928 1126 non
941 1053 1084 1125 differre
1096 1050 1411 1125 aCoccothrauste

158 1193 351 1267 caucasico
367 1193 454 1266 Pall.
475 1193 603 1302 Zoogr.
618 1191 751 1289 (Luxia
769 1219 874 1268 rosea
892 1193 1017 1282 Giild.)
1034 1225 1044 1280 ;
1063 1218 1147 1267 cum
1167 1203 1289 1266 autem
1308 1192 1410 1285 diag-

161 1333 272 1421 nosis‚
293 1358 314 1406 a
331 1334 396 1407 cel.
416 1335 573 1407 Pallasio
592 1336 718 1422 relata,
734 1334 843 1407 nimis
861 1335 982 1408 brevis
1001 1335 1061 1420 sit,
1083 1307 1119 1407 et
1137 1335 1278 1406 iconem
1298 1341 1409 1428 atque

160 1473 441 1570 descriptionem
470 1474 536 1548 cel.
563 1473 858 1549 Gbldenstaedtii
887 1498 1008 1548 coram
1039 1499 1112 1548 nou
1143 1474 1309 1559 babeam,
1333 1495 1406 1545 rem

158 1616 308 1690 dubiam
327 1616 521 1691 decernere
540 1617 662 1689 nolim.

417 2162 706 2270 saluatum
739 2111 1053 2236 oarnurnn'rs
1079 2163 1145 2235 nv.

442 2409 574 2481 Passer
592 2409 764 2481 carduelis
781 2433 855 2481 cur.
874 2410 972 2482 Pau.
994 2411 1119 2506 Zoopr.

207 2663 245 2735 F.
301 2661 419 2760 Supra
430 2663 585 2749 cinerea,
599 2663 804 2750 abdomine,
816 2663 930 2737 crisso
943 2665 1192 2762 uropygio'que
1204 2665 1307 2755 albis,
1320 2691 1402 2763 pec·

306 2815 385 2878 tore
399 2805 529 2902 griseo,
544 2804 636 2877 facie
650 2806 770 2893 rubra,
785 2806 864 2879 lora
877 2807 993 2904 nigra,
1009 2808 1126 2881 cauda
1144 2807 1282 2905 alisque
1300 2810 1401 2894 atris,
1542 2841 1543 2844 ¹

307 2946 504 3043 remigibus
526 2946 604 3019 basi
630 2947 748 3034 flavis,
769 2948 967 3045 remigibus
994 2949 1217 3023 secundariis
1243 2952 1403 3025 exterius

307 3088 412 3174 albis,
432 3087 644 3161 rectricibus
661 3097 818 3185 quatuor
840 3088 1065 3162 intermediis
1088 3088 1190 3186 apice
1217 3091 1321 3176 albis,
1340 3117 1401 3165 ex·

306 3229 395 3302 tima
413 3230 557 3302 macula
575 3229 657 3301 alba
673 3228 856 3302 interioris
875 3229 1008 3301 vexilli.

254 3473 311 3551 De
324 3478 395 3551 hac
407 3476 567 3575 fringilla
579 3477 690 3551 tradit
703 3475 823 3551 Pallas
836 3477 875 3549 in
890 3476 1121 3575 Zoographia
1131 3479 1234 3553 Tom.
1251 3480 1301 3569 11,
1317 3507 1399 3579 pag.

158 3616 216 3709 16,
230 3629 266 3694 et
276 3620 377 3693 illam
391 3619 506 3694 credit
520 3619 733 3693 varietatem
749 3619 943 3716 Fringillae
957 3621 1134 3694 carduelis
1149 3646 1237 3696 esse.
1292 3623 1400 3698 Certe

153 3762 336 3837 simillima
348 3771 404 3836 est
415 3759 610 3858 Fringillae
621 3762 792 3848 cardueli,
805 3764 841 3835 et
853 3771 994 3835 statura
1007 3771 1042 3836 et
1059 3765 1310 3861 magnitudine
1320 3790 1399 3862 per-

154 3902 248 3977 fecte
265 3904 460 3990 convenit3
489 3903 607 3976 differt
635 3914 757 3977 autem
776 3903 906 3999 capitis
930 3903 1118 3999 nigredine
1142 3907 1292 3980 omnino
1315 3908 1400 3981 defi·

155 4045 403 4134 ciente,dorso
415 4046 558 4119 cinereo
570 4042 660 4140 (non
672 4043 958 4142 suscescente)et
968 4046 1165 4143 remigibus
1176 4051 1400 4123 secundariis

153 4187 312 4262 exterius
327 4187 419 4262 albis
433 4218 443 4274 ;
465 4196 649 4261 caeterum
663 4185 818 4283 remiges
830 4185 994 4281 primarii
1007 4197 1044 4261 et
1057 4190 1263 4264 secundarii
1275 4202 1399 4265 carent

153 4328 257 4426 apice
270 4329 362 4403 albo.
407 4328 473 4402 Me
486 4327 610 4424 judice
627 4327 718 4402 haec
731 4327 905 4424 Fringilla
919 4329 1047 4404 codem
1062 4329 1172 4403 modo
1185 4331 1339 4406 refertur
1354 4333 1399 4407 ad

1177 4491 1200 4546 2
