3196 4986
364 311 558 382 ADDENDA
587 331 635 380 AD
664 307 848 380 PALLnsn
878 304 1180 378 ZOOGRAPHIAM·
1356 332 1396 399 29

438 557 736 632 PELECANUS
778 554 974 630 ROSEUS
1003 553 1102 628 mihi.

301 841 339 913 P.
394 841 508 916 dilute
539 863 689 923 roseus,
720 839 918 934 remigibus
949 837 1093 933 nigris3
1130 837 1265 931 angulo
1300 835 1396 908 fron·

398 983 460 1055 tali
492 971 712 1077 (plumoso)
740 986 908 1054 exserto!

252 1286 312 1360 Sic
344 1286 580 1396 depominare
613 1285 721 1356 velim
755 1283 997 1391 Peleeanum,
1033 1306 1143 1378 quem
1175 1305 1271 1355 anno
1306 1285 1402 1380 1829

37 1473 46 1496 .
156 1451 280 1502 mense
311 1428 430 1524 Aprili
460 1429 500 1500 in
529 1427 701 1499 inferiore
730 1424 836 1498 Jaico
866 1424 986 1497 fluvio
1018 1427 1235 1518 migrantem
1271 1423 1401 1509 occidi,

153 1579 189 1644 et
216 1570 279 1666 qni
306 1571 415 1664 longe
442 1568 569 1641 diflert
595 1592 616 1640 a
643 1567 821 1641 Peleeauo
849 1567 990 1662 vulgari
1015 1589 1078 1639 seu
1105 1565 1341 1638 Onocrotalo.

256 1854 505 1939 Perennem,
540 1854 722 1926 immenso
758 1877 910 1926 numero
946 1853 1118 1950 paludem
1150 1853 1402 1940 Maeotidem‚

141 2021 255 2071 mare
291 1995 468 2092 Caspium
505 2004 541 2068 et
575 1989 676 2069 lasus
712 2019 866 2092 maguae
900 1995 1068 2069 Tatariae
1109 1996 1401 2081 inhabitantem,

155 2163 271 2212 unum
306 2161 391 2210 cum
426 2138 489 2209 illo
524 2159 629 2224 esse,
665 2137 728 2233 qui
769 2137 885 2210 rarius
920 2137 959 2208 in
1003 2135 1217 2232 Hungaria,
1253 2137 1404 2210 Austria

120 2321 123 2330 ·
154 2290 191 2356 et
217 2290 338 2355 cetera
362 2279 512 2375 Europa
537 2277 734 2363 invenitur,
761 2288 797 2351 et
821 2278 883 2374 qui
909 2279 1037 2386 avibus
1060 2277 1262 2373 Europaeis
1288 2279 1403 2350 aduu-

157 2432 342 2508 meratur‚
371 2420 463 2492 nihil
489 2419 591 2492 dubii
618 2428 684 2492 est.
739 2417 1009 2492 Celeberrimus
1036 2418 1152 2493 Pallas
1179 2420 1275 2492 hauc
1301 2443 1407 2492 avem

33 2560 45 2588 ⁴
136 2561 237 2658 (ex
288 2558 587 2656 consuetudine)
639 2560 776 2656 optime
834 2561 1024 2656 descripsit
1081 2563 1119 2632 iu
1176 2559 1408 2657 Zoographia

157 2683 461 2792 rosso-asiatica3
514 2702 545 2776 si
580 2712 703 2775 autem
747 2703 858 2775 ceteri
895 2700 1187 2799 Ornithographi
1236 2701 1407 2798 europaei

158 2844 426 2918 Onocrotalum
465 2865 689 2940 europaeum
719 2844 758 2916 in
790 2854 908 2917 aetate
943 2854 1117 2941 proveeta
1148 2868 1294 2919 roseum
1329 2867 1408 2917 esse

161 2986 342 3074 dixerint,
376 2987 455 3058 sine
487 2985 598 3059 dubio
634 3009 741 3058 avem
773 3010 818 3058 ex
851 2987 976 3058 Africa
1012 2998 1075 3059 aut
1109 2986 1212 3060 India
1241 2988 1409 3060 orientali

129 3125 137 3134 '
165 3127 311 3200 allatam
344 3135 570 3221 praesentem
605 3124 821 3211 habuerunt,
854 3150 947 3220 quae
977 3126 1129 3199 forsitan
1166 3127 1294 3200 eadam
1324 3150 1409 3199 cum

164 3293 246 3342 meo
283 3267 460 3341 Peleeano
499 3290 604 3338 roseo
644 3267 702 3338 sit.
732 3306 781 3319 -
808 3266 1006 3340 Peleeanus
1042 3265 1308 3354 Onocrotalus,
1349 3269 1411 3363 qui

65 3377 70 3388 ¹
164 3434 265 3484 mare
309 3409 483 3506 Caspium
531 3419 567 3482 et
612 3407 756 3502 nigrum
804 3379 1008 3494 inhabitat,
1054 3433 1266 3505 nunquam,
1310 3410 1411 3482 nullo

22 3555 28 3576 ‘
163 3561 327 3647 ternpore
357 3562 394 3623 et
424 3551 523 3622 nulla
555 3558 673 3622 aetate
702 3573 827 3621 roseus
856 3550 1021 3637 videtur,
1055 3575 1275 3646 quamquam
1304 3551 1412 3623 innu-

165 3693 331 3766 merabili
361 3691 466 3787 copia
498 3690 652 3762 marium
685 3690 808 3764 littora
843 3685 1019 3786 paludosa
1049 3690 1281 3788 frequentat3
1313 3693 1423 3776 color

161 3833 241 3928 ejus
276 3856 420 3928 semper
455 3832 538 3928 plus
574 3832 743 3905 minusve
778 3832 919 3927 griseus
949 3833 1007 3904 vel
1042 3833 1184 3906 albidus
1224 3842 1303 3906 est:
1340 3857 1413 3928 quo

156 3975 305 4070 junior,
334 3998 377 4047 eo
405 3974 520 4068 magis
549 3974 712 4068 griseus;
742 3997 814 4068 quo
842 3974 1022 4060 adultior,
1051 3999 1094 4048 eo
1121 3975 1285 4048 albidior.

266 4222 466 4297 Peleeanus
509 4246 659 4308 roseus,
699 4222 744 4294 de
784 4246 856 4318 quo
900 4223 1068 4309 tradam,
1111 4233 1147 4297 et
1182 4225 1243 4321 qui
1281 4227 1414 4299 verosi-

165 4365 251 4438 mile
305 4366 402 4439 idem
457 4389 541 4437 cum
589 4362 813 4437 Onocrotalo
866 4364 991 4438 adulto
1044 4389 1147 4439 roseo
1199 4377 1413 4456 auctorum,

1197 4530 1218 4608 3
