3196 4986
375 314 571 386 Aousuoa
599 335 650 384 aa
677 311 864 386 Pauuasu
892 308 1192 387 Zoooaauumu.
1388 343 1406 411 7

426 563 703 642 FRINGILLA
730 563 1006 640 PETRONIA.
1037 565 1145 642 Linn.

339 844 381 920 F.
424 869 536 942 supra
575 845 954 943 tumescenti-grisea,
998 847 1118 921 lituris
1159 845 1273 922 fuscis
1318 846 1409 922 albi-

425 986 566 1084 disque‚
604 988 698 1063 vitta
731 987 958 1085 supraciliari
993 997 1231 1086 gastraeoque
1266 987 1410 1063 sordide

426 1127 569 1218 albidis,
621 1128 835 1204 rectricibus
884 1130 1030 1204 macula
1079 1129 1212 1228 apicali
1260 1129 1411 1228 pogonii

426 1269 562 1345 interni
583 1271 666 1346 alba
678 1301 689 1360 ;
711 1281 829 1345 rostro
851 1294 967 1346 cereo.
1159 1263 1162 1268 ’

263 1510 405 1587 Nullibi
431 1513 470 1586 in
498 1513 631 1588 Rossia
657 1513 753 1587 hanc
782 1537 888 1588 avem
917 1513 993 1587 vidi
1027 1513 1099 1587 nisi
1130 1512 1169 1586 in
1201 1512 1411 1587 monticulis

164 1653 439 1729 Inderiensibue
490 1678 603 1752 prope
661 1653 836 1752 oppidum
894 1653 1048 1730 Indersk
1101 1654 1146 1729 ad
1197 1654 1410 1752 thmnum

166 1794 289 1888 (Ural)
319 1795 479 1870 fluvium
508 1795 738 1885 inferiorem,
770 1796 834 1871 ubi
864 1797 963 1872 circa
994 1820 1085 1872 saxa
1120 1819 1258 1896 gypsea
1288 1820 1412 1894 grega-
1451 1849 1454 1858 ,

163 1931 231 2007 tim
255 1933 432 2008 volitabat
456 1956 582 2008 mense
607 1933 739 2029 Aprili.

164 2191 376 2287 Descriptio.
430 2190 579 2267 Statura
608 2191 779 2288 passeris,
813 2192 878 2266 sed
907 2193 1099 2290 paululum
1128 2192 1256 2288 major.
1294 2192 1414 2291 Supra

266 2332 520 2430 lusco-grisea,
556 2331 678 2407 lituris
715 2333 916 2407 maculisve
951 2332 1125 2408 obsoletis
1167 2335 1414 2432 luteo-griseis

266 2483 304 2548 et
331 2474 475 2564 albidis,
500 2475 546 2549 ad
571 2476 724 2549 modum
746 2473 917 2570 passeris;
947 2475 1078 2548 subtus
1106 2474 1252 2549 sordide
1280 2475 1413 2563 albida3

267 2614 544 2710 hypochondrii
581 2614 806 2690 suscescunt.
884 2615 1041 2689 Tractus
1081 2616 1327 2711 supraciliaris
1368 2617 1415 2692 ad

267 2756 446 2830 cervicem
488 2756 686 2854 perductus
726 2756 873 2831 sordide
911 2757 1277 2832 luteeceutialbidus.
1344 2755 1416 2831 Re·

212 2937 216 2944 ·
266 2897 383 2994 miges
444 2897 538 2971 fusci
599 2898 744 2973 sordide
800 2897 1149 2973 latescenti-albido
1209 2899 1416 2994 marginali.

266 3037 454 3113 Rectricee
504 3037 863 3128 fusco-lutescentes,
909 3040 968 3112 vel
1014 3040 1136 3113 colore
1182 3039 1293 3127 dorsi,
1340 3041 1418 3136 api·
1564 3125 1567 3138 k

267 3202 420 3274 cemque
449 3202 577 3252 versus
613 3181 750 3254 sensim
777 3179 1023 3267 insuscautur3
1055 3179 1258 3276 pogonium
1293 3189 1417 3255 autem

267 3320 454 3427 ipternum
488 3320 634 3394 macula
667 3344 801 3416 magua
832 3320 915 3394 alba
946 3321 1179 3394 terminatur.
1241 3320 1416 3396 Rostrum

268 3483 445 3549 craesum,
477 3459 660 3548 conicum,
689 3459 784 3534 cerei
814 3460 959 3549 coloris,
989 3461 1092 3558 apice
1126 3460 1295 3536 lividum.
1348 3461 1416 3537 Pe-

269 3600 333 3677 des
360 3601 617 3692 flavescentes
645 3625 787 3700 ungues
812 3603 916 3701 apice
943 3603 1178 3699 nigricantes.

170 3890 379 3988 longitudo
397 3890 475 3965 avis
493 3914 515 3964 a
531 3889 640 3964 rostri
661 3891 764 3987 apice
776 3890 832 3964 ad
853 3890 991 3965 caudae
1017 3890 1158 3988 apicem
1175 3914 1292 3990 usque
1311 3887 1350 3991 5''
1368 3887 1419 3965 6⁸²

397 4031 534 4107 caudae
557 4084 757 4106 ......
788 4025 829 4104 2''
860 4025 907 4104 1'''

397 4171 506 4246 rostri
530 4171 576 4247 ad
599 4172 757 4246 frontem
787 4166 875 4270 5}''';
903 4170 948 4245 ad
975 4171 1151 4268 angulum
1179 4170 1252 4256 oris
1278 4169 1340 4270 7‘';

604 4311 761 4398 latitudo
804 4312 915 4387 rostri
961 4312 1091 4388 baseos
1135 4309 1222 4412 gili
1264 4314 1419 4390 altitudo
