3196 4986
195 315 233 378 16

191 557 293 629 fulva
304 553 462 653 quidem,
476 565 518 629 ut
531 557 569 629 in
582 580 693 642 mare,
707 557 769 630 sed
782 556 983 653 pallidiora,
996 567 1033 629 et
1045 557 1194 654 insuper
1204 558 1288 652 gula
1299 557 1441 630 fulvida

190 721 333 793 semper
346 697 576 771 semicirculo
594 697 750 793 simplici
767 707 846 772 atro
864 669 1081 772 terminatur
1099 707 1135 770 et
1149 722 1171 771 a
1187 699 1316 794 jugulo
1334 721 1439 794 sepa-

190 847 303 926 ratur,
317 839 380 937 qui
398 840 557 912 circulus
575 840 613 911 in
632 835 732 912 mare
750 862 938 935 nunquam
956 839 1111 912 videtur.
1150 815 1442 935 Circulusniger

185 978 355 1076 jugulum
382 979 491 1052 maris
510 980 727 1067 ambienS,e
746 981 912 1052 taeniolis
931 979 1066 1053 crebris
1085 980 1302 1052 transversis
1324 981 1439 1077 nigris

190 1121 429 1216 compositus,
449 1122 487 1192 iu
506 1119 641 1192 semina
659 1122 810 1194 omnino
827 1121 940 1206 deest,
955 1120 1018 1192 sed
1033 1121 1204 1217 jugulum
1223 1121 1440 1194 cinereo-vi·

189 1285 343 1335 nuceum
358 1262 534 1336 contiuuo
547 1262 585 1333 in
600 1237 728 1356 pectus
743 1264 874 1335 transit
883 1292 893 1348 ;
916 1272 1046 1357 pectus
1061 1262 1201 1357 postice
1213 1262 1362 1337 albescit
1376 1293 1432 1348 ;-

189 1403 426 1498 epigastrium
454 1403 770 1490 atro-bruuneum,
800 1403 852 1492 (in
881 1426 979 1474 mare
1009 1400 1370 1495 atrum);-venter
1401 1415 1439 1476 et
1532 1461 1544 1480 .
1593 1403 1595 1449 ³

189 1544 341 1616 crissum
363 1543 456 1628 alba,
477 1554 518 1617 ut
535 1544 574 1614 in
592 1567 691 1616 mare
706 1543 936 1631 ;-tectrices
960 1544 1100 1616 alarum
1119 1545 1267 1639 primae,
1287 1544 1438 1639 quaein

188 1707 287 1756 mare
301 1683 568 1770 immaculatae,
584 1684 771 1758 inlumina
789 1685 1104 1770 atro-maculatae,
1118 1684 1193 1757 fere
1211 1685 1339 1760 eodem
1360 1710 1436 1757 mo-

187 1826 234 1898 do
249 1850 291 1898 ac
305 1826 465 1912 dorsum,
479 1827 530 1898 ita
545 1838 583 1898 ut
597 1850 762 1922 quaeque
775 1827 940 1921 plumula
954 1838 1039 1899 ante
1050 1826 1192 1922 apicem
1204 1826 1346 1900 macula
1357 1836 1437 1901 atra

187 1978 314 2041 notata
331 1968 390 2041 sit.
443 1967 606 2063 Reliquis
625 1968 763 2040 femina
781 1993 802 2041 a
820 1990 918 2040 mare
937 1991 1011 2040 non
1030 1968 1159 2041 differt.

288 2229 379 2301 Avis
391 2252 474 2301 vere
488 2229 637 2302 exclusa
651 2228 728 2323 jam
741 2227 911 2323 Augusto
927 2251 1051 2301 urente
1066 2229 1209 2323 plumas
1222 2233 1382 2314 novavit,
1395 2239 1432 2302 et

187 2381 276 2443 tunc
295 2394 421 2466 parum
447 2371 492 2443 ab
520 2371 655 2443 adultis
679 2370 810 2457 differt,
830 2394 914 2443 cum
937 2369 1182 2457 seminatum
1206 2394 1296 2458 mas,
1314 2370 1366 2444 ita
1389 2381 1432 2441 ut

187 2511 300 2606 signis
329 2535 440 2608 supra
468 2510 590 2583 relatis
618 2533 726 2582 sexus
755 2510 924 2582 facillime
951 2511 1123 2605 cognosci
1150 2511 1291 2605 possit;
1323 2511 1435 2584 etiam
1535 2539 1545 2562 ·

186 2674 328 2746 pennae
347 2633 440 2725 duae
458 2652 629 2726 candales
651 2652 842 2748 elongatae
863 2651 940 2747 jam
959 2651 1106 2738 adsunt,
1122 2674 1344 2746 quamquam
1368 2652 1435 2722 mi·

188 2815 304 2864 nores.
358 2792 418 2865 Ab
442 2792 576 2865 adultis
597 2802 720 2866 autem
745 2793 865 2865 differt
883 2793 960 2865 avis
985 2793 1162 2866 annotina
1183 2793 1436 2888 magnitudine

186 2929 327 3003 minore
345 2939 382 3003 et
400 2930 582 3004 coloribus
601 2931 723 3003 minus
741 2930 980 3024 elegantibus.

283 3189 424 3297 llolaut
443 3215 528 3265 aves
544 3189 686 3288 magnis
701 3189 843 3276 turmis,
857 3208 932 3260 nun
946 3187 1140 3275 solitariae,
1154 3187 1192 3259 in
1211 3188 1352 3284 campis
1367 3190 1435 3261 ari·

189 3332 244 3404 dis
258 3341 295 3404 et
310 3333 472 3406 arenosis
486 3333 617 3406 deserti
630 3331 814 3428 Kirgisici‚
827 3354 848 3402 a
862 3329 952 3402 mari
964 3327 1099 3424 Caspio
1113 3351 1226 3424 usque
1238 3329 1284 3401 ad
1293 3328 1436 3402 Chinae

188 3474 550 3548 fines-Narrantur
567 3499 643 3563 eae,
659 3475 689 3547 si
708 3474 753 3547 ad
771 3472 909 3546 sontem
931 3471 1171 3568 pervenerint,
1191 3471 1301 3543 talem
1320 3495 1434 3568 aquae

188 3616 330 3711 copiam
345 3614 480 3701 bibere,
497 3626 536 3689 nt
551 3615 694 3698 evolare
715 3637 788 3686 non
802 3614 959 3699 valeant,
974 3612 1025 3685 ita
1043 3622 1085 3685 ut
1102 3611 1220 3718 homo!
1233 3611 1353 3685 subito
1371 3611 1435 3684 ad·

189 3781 338 3832 currens
356 3781 417 3832 eas
436 3758 604 3832 manibus
622 3779 751 3853 capere
768 3754 897 3850 possit.
