3196 4986
1365 319 1404 385 Ι3

46 605 48 608 >
152 556 298 628 diversa
311 550 475 628 est.·-S.
490 552 717 625 coerulecula
728 549 831 636 Pell,
844 573 936 647 quae
950 548 990 621 in
1001 547 1191 645 provincia
1203 546 1403 620 Gasanensi

151 707 190 770 et
208 695 483 791 Orenburgensi
500 694 636 790 ubique
661 691 834 776 abundat,
852 700 980 785 guttur
1001 689 1110 762 habet
1134 696 1254 764 totum
1276 711 1402 761 coeru-

152 839 267 924 leum,
296 861 317 908 a
342 844 489 932 pectore
518 833 693 931 plumulis
720 831 833 927 nigris
859 841 1081 926 separatum,
1109 829 1148 902 in
1176 827 1297 903 medio
1320 851 1404 900 arca

153 991 361 1051 transversa
372 976 577 1071 ferruginea
591 984 771 1046 ornatum.
808 971 852 1045 ln
864 971 900 1044 S.
914 960 1143 1044 coerulecula
1156 992 1229 1041 var.
1240 968 1292 1061 β.,
1308 991 1402 1066 quae

155 1118 323 1192 Sibiriam
354 1117 567 1190 orientalem
598 1115 791 1214 inhabitat,
819 1123 945 1208 guttur
974 1113 1240 1207 ferruginosum
1269 1122 1338 1196 est,
1367 1120 1404 1205 et

154 1260 267 1332 fascia
278 1268 567 1344 transversa,seu
579 1255 808 1329 semicirculo
820 1263 1148 1352 cyaneoapectore
1158 1263 1400 1348 separatur.-

34 1430 46 1455 ·
153 1396 198 1468 In
217 1398 346 1469 avibus
358 1394 561 1467 hornotinis
572 1395 758 1490 plumulae
777 1392 918 1489 capitia,
931 1391 1083 1465 cervicis
1102 1402 1137 1464 et
1151 1391 1403 1485 interscapulii

156 1540 293 1634 nigrae,
313 1537 466 1610 maculis
485 1535 644 1632 scapinis
663 1534 754 1607 albis
773 1543 961 1629 guttatae3
986 1533 1172 1628 plumulae
1190 1533 1349 1627 gutturis
1367 1542 1405 1606 et

154 1679 312 1778 pectoris
331 1676 812 1773 albae,nigro-marginatae;
833 1673 945 1748 fascia
964 1674 1121 1771 gutturis
1139 1697 1276 1770 cyanea
1290 1675 1399 1746 nulla.

154 1820 340 1906 -Quoad
358 1820 644 1916 magnitudinem
659 1818 831 1898 convenit
845 1841 929 1891 cum
944 1815 980 1890 S.
997 1816 1225 1891 coerulecula
1238 1814 1329 1886 Pall.

436 2257 643 2330 unrado
672 2253 736 2330 CA
750 2252 1012 2330 UOASIOUS
1038 2255 1133 2328 Pell.

553 2469 712 2554 (Perdix
730 2469 861 2541 altaicu
882 2468 1009 2550 Getta)

257 2680 379 2755 Multa
409 2680 648 2754 admiratione
680 2678 821 2758 defixus
852 2679 947 2753 inter
978 2689 1122 2754 caetera
1153 2680 1335 2768 animalia,
1368 2682 1406 2754 in

157 2823 345 2896 montibus
373 2821 514 2895 altaicis
542 2822 708 2909 collecta,
737 2820 955 2896 Tetraouem
984 2823 1216 2897 caucasicum
1238 2823 1326 2897 Pall.
1353 2824 1406 2897 in·

158 2964 254 3038 veni.
304 2963 390 3037 Tria
413 2963 633 3059 exemplaria
655 2963 816 3038 indidem
836 2964 973 3060 accepi,
994 2988 1087 3059 quae
1106 2965 1202 3039 inter
1220 2988 1259 3038 se
1276 2965 1404 3061 paulu-

160 3107 235 3180 lum
272 3106 456 3192 differunt,
493 3105 571 3191 sed,
606 3129 674 3201 pro
709 3106 836 3178 dolori
874 3105 1013 3192 omnia,
1049 3115 1091 3179 ut
1126 3106 1285 3191 videtur,
1322 3117 1409 3180 sunt

157 3257 328 3345 feminae,
353 3255 526 3352 quoniam
552 3254 683 3328 calcari
711 3264 850 3341 carent,
878 3279 1101 3352 quamquam
1128 3255 1250 3343 horne,
1276 3256 1339 3352 qui
1365 3280 1408 3329 ea
1482 3353 1485 3358 Ι

157 3398 280 3470 occisa
309 3397 422 3483 misit,
454 3421 563 3469 unam
595 3418 718 3468 eorum
752 3396 926 3470 feminam
957 3421 1036 3470 esse
1067 3396 1407 3471 affirmat-Cum

160 3539 252 3626 avis,
285 3538 330 3610 de
365 3562 437 3634 qua
468 3538 611 3633 agitur,
648 3538 693 3610 ad
722 3548 869 3634 tempus
900 3563 1029 3634 parum
1065 3550 1152 3613 nota
1182 3539 1252 3627 sit,
1288 3563 1408 3612 exem-

161 3679 317 3776 plarium
341 3701 506 3752 meorum
532 3678 813 3774 descriptionem
835 3679 907 3750 riou
927 3681 1120 3776 negligam,
1140 3703 1255 3776 eoque
1272 3682 1407 3766 minus,

162 3845 246 3894 cum
277 3845 351 3894 non
376 3821 489 3893 solum
517 3821 612 3893 inter
637 3843 676 3894 se
703 3820 883 3906 differant,
910 3823 971 3893 sed
1000 3822 1111 3895 etiam
1130 3822 1183 3893 'de
1203 3791 1409 3917 ⁸exemplari

161 3963 259 4058 quod
294 3963 462 4035 celeberr.
499 3962 616 4036 Pallas
657 3963 873 4056 descripsit,
916 3986 983 4034 nec
1023 3986 1097 4034 nun
1132 3964 1176 4034 de
1211 3985 1277 4049 eo,
1313 3962 1411 4060 quod

164 4104 263 4198 apud
281 4103 390 4176 Dum.
411 4103 686 4198 Moltschulsky
705 4103 780 4175 vidi
798 4114 834 4175 et
852 4104 890 4174 in
909 4102 1067 4176 Bulletin
1084 4103 1147 4176 des
1165 4103 1410 4178 Naturalistes

162 4245 206 4317 de
232 4245 390 4319 Moscou
422 4250 516 4344 1839
541 4245 592 4317 N⁰
614 4267 628 4318 1
662 4245 883 4318 delineatum
907 4245 1132 4318 est-Duo
1158 4269 1319 4319 meorum
1349 4268 1410 4317 ex·

163 4388 351 4481 emplaria,
369 4413 558 4483 quaerere
578 4388 699 4463 occisa
717 4397 815 4473 sunt,
832 4388 926 4460 inter
945 4411 983 4460 se
1003 4397 1169 4461 accurate
1188 4387 1411 4462 conueniunt
