3196 4986
387 300 581 374 Annnuua
610 322 658 372 an
687 298 871 372 Panaasu
901 296 1203 370 Zoooaaemau.
1380 324 1417 388 15

298 587 301 594 ¹
439 552 651 629 ANTHUS
685 548 967 682 PllATENSIS
993 548 1152 624 Bucust.

499 752 722 826 aMotacilla
742 752 889 826 cervina
904 750 995 825 Pall.
1016 750 1223 847 Zoograph.
1243 773 1330 864 pag.¹
1346 770 1415 849 511

273 954 321 1038 A.
375 985 486 1058 supra
528 959 791 1056 lusco-griseus
835 956 1063 1054 nigro-lusco
1106 957 1291 1044 lituratus,
1334 956 1420 1032 sub-

373 1114 434 1177 tus
469 1100 614 1174 sordide
647 1098 1027 1196 ferrugineo-albidus
1062 1098 1167 1194 nigro
1199 1097 1418 1185 maculatus,
1556 1083 1562 1096 ⁸

372 1244 465 1319 vitta
507 1241 735 1340 snpraoiliari
777 1248 996 1337 guttureque
1039 1239 1225 1328 cervinis,
1268 1239 1420 1314 rectrioe

373 1385 513 1460 extima
539 1384 780 1479 diagonaliter
804 1362 899 1456 alba.

172 1612 326 1686 Habitat
361 1611 398 1682 in
434 1609 575 1705 campis
610 1607 886 1682 australioribus
920 1609 1131 1704 provinciae
1160 1608 1419 1708 Orenburgen·

173 1754 236 1840 sis,
261 1754 299 1826 in
324 1750 440 1849 pratis
465 1749 698 1822 arundinosis
716 1749 824 1844 juxta
850 1750 1000 1824 rivulos.

171 1919 384 2014 Descriptio.
438 1909 614 1989 Rostrum
638 1916 771 2011 graeile
796 1925 937 1990 rectum
960 1917 1185 2006 subulatum,
1204 1919 1284 1992 basi
1307 1943 1421 2017 aeque

273 2063 388 2135 altum
416 2082 459 2133 ac
482 2059 623 2144 latum,
652 2059 801 2131 maxilla
824 2059 939 2154 nigra,
962 2083 1059 2156 pone
1083 2060 1224 2157 apicem
1247 2061 1420 2158 utrinque

272 2200 526 2297 emarginata;
562 2199 776 2299 mandibula
809 2199 945 2296 pallida
974 2201 1078 2296 apice
1108 2202 1223 2276 fusca.
1287 2202 1419 2300 Caput,

274 2344 408 2450 collum
469 2350 507 2415 et
565 2329 718 2415 truncus
780 2365 892 2437 supra
948 2341 1164 2416 indumento
1217 2344 1419 2433 alandino,

277 2487 338 2557 i.e.
357 2483 599 2580 fuson-grisea
616 2489 653 2556 et
668 2481 772 2556 fusco
789 2483 955 2556 liturata:
976 2483 1121 2579 singula
1137 2486 1304 2582 plumula
1321 2486 1422 2561 disco

273 2624 376 2700 fusca
410 2636 473 2699 aut
508 2624 624 2720 nigra,
662 2621 725 2718 qui
766 2623 867 2696 color
905 2623 1106 2720 marginem
1146 2626 1261 2700 latum
1302 2624 1421 2701 susce-

273 2766 595 2841 soenti-oinereum
617 2785 746 2838 versus
774 2764 911 2838 sensim
936 2763 1083 2840 ablutus
1112 2776 1179 2842 est.
1231 2766 1420 2844 Vitta'su-

272 2906 474 3004 praciliaris
499 2914 536 2979 et
559 2915 687 3003 guttur
712 2927 797 2980 cum
825 2905 988 3002 ingluvie
1014 2909 1153 2983 cervini
1178 2911 1322 2997 coloris,
1342 2911 1421 2985 sine
1549 2931 1553 2940 ·

271 3047 426 3122 maculis
456 3058 492 3122 et
523 3047 642 3121 lituris
656 3076 665 3135 ;
697 3045 871 3144 jugulum
902 3071 1029 3122 versus
1061 3050 1162 3123 color
1191 3051 1252 3126 hic
1282 3053 1419 3126 sensim

275 3188 442 3286 pallescit
469 3197 507 3260 et
537 3187 576 3258 in
605 3187 765 3260 colorem
795 3185 1001 3260 abdominis
1030 3188 1164 3284 pallide
1194 3189 1418 3287 ferrugineo-

129 3410 134 3418 ,
271 3330 435 3406 albidum
473 3327 637 3411 transit3
682 3325 857 3423 jugulum
897 3337 1026 3424 pectus
1066 3340 1104 3404 et
1143 3330 1419 3428 hypochondria

271 3470 424 3545 maculis
477 3467 703 3565 guttulisque
756 3466 923 3564 oblongis
973 3469 1088 3568 nigris
1138 3471 1251 3548 varia.
1327 3475 1420 3548 Alae

272 3613 415 3698 breves,
462 3609 601 3684 caudae
647 3607 841 3715 dimidium
879 3611 1114 3709 attingentes,
1159 3614 1417 3711 nigro-fuscae.

272 3750 510 3849 Parapterum
546 3773 611 3822 seu
645 3771 787 3844 pennae
822 3751 1030 3845 scapulares
1072 3762 1128 3826 sat
1162 3754 1322 3850 longae,
1363 3755 1420 3830 ala

268 3893 379 3988 paulo
429 3889 626 3977 breviores,
679 3890 753 3963 late
805 3890 927 3964 albido
978 3893 1215 3989 marginatae.
1279 3895 1419 3969 Ramex

270 4035 411 4132 primus
442 4031 620 4118 minutus,
649 4031 711 4104 vix
742 4031 978 4129 conspicuum
1008 4034 1192 4112 secundus
1223 4037 1353 4112 tertius
1382 4049 1420 4114 et

269 4185 423 4270 quartus
453 4195 569 4269 aeque
596 4171 709 4267 longi,
743 4171 895 4267 quintus
924 4173 1036 4269 paulo
1071 4175 1227 4250 brevior.
1278 4178 1418 4253 Teotri-

269 4339 329 4389 ces
359 4313 565 4410 superiores
597 4310 736 4386 alarum
773 4314 846 4386 late
878 4313 962 4387 albo
993 4315 1228 4411 marginatae.
1293 4318 1418 4392 Gauda

1156 4455 1215 4530 2*
