3196 4986
1305 349 1307 356 γ
1432 274 1448 337 5

271 492 480 590 Longitudo
497 494 635 566 caudae
653 517 736 568 curn
755 494 839 590 pilis
857 505 1026 592 sumptae
1065 547 1228 568 ,,,,,
1258 492 1297 567 6¹¹
1324 537 1374 548 ..

500 636 564 731 pili
582 635 736 708 caudam
754 637 937 709 excedunt
992 694 999 709 .
1029 693 1038 710 .
1067 691 1076 708 .
1101 693 1114 708 .
1143 692 1152 709 .
1182 691 1190 708 .
1221 694 1228 708 .
1262 633 1298 708 1''
1325 632 1371 732 7⁰

498 777 632 872 unguis
651 776 755 873 digiti
773 777 883 850 medii
901 779 1105 851 maniculae
1134 828 1296 850 .....
1325 773 1374 876 5'''
1397 821 1402 836 -

500 957 869 972 ------
903 919 1043 1015 podarii
1094 976 1102 992 .
1132 974 1140 991 .
1169 973 1177 990 .
1210 975 1217 990 .
1248 976 1256 991 .
1288 976 1297 993 .
1325 913 1399 1018 3ss

300 1184 541 1257 Inveniuntur
559 1185 777 1282 exemplaria
795 1184 932 1279 majora
949 1195 985 1257 et
1005 1186 1157 1257 minora.

502 1767 818 1841 GEORYOHUS
845 1769 1054 1840 LUTEUS
1081 1769 1144 1839 Eo.

299 2018 570 2092 Animalculum
599 2020 678 2108 hoc,
702 2021 800 2116 quod
818 2022 856 2092 in
875 2018 1037 2092 Bulletin
1059 2020 1123 2092 des
1141 2017 1388 2092 Naturalistes
1405 2019 1450 2091 de

198 2159 356 2233 Moscou
373 2163 468 2256 1840
480 2159 533 2232 Ν0
544 2160 572 2234 Ι.
585 2185 667 2258 pag.
683 2181 730 2260 25
745 2161 1061 2256 descripsi,patria
1072 2161 1205 2256 gaudet
1218 2172 1274 2234 sat
1285 2170 1450 2247 extensa,

200 2324 283 2372 narn
311 2280 520 2398 nuperrime
546 2303 744 2399 exemplar,
763 2301 860 2374 circa
877 2303 997 2375 lacurn
1016 2300 1269 2374 Nom-Sanan
1287 2310 1449 2396 captum,
1488 2347 1496 2370 .

201 2441 333 2538 accepi,
351 2443 449 2540 quod
469 2467 541 2515 non
560 2443 680 2516 differt
698 2442 768 2515 nisi
787 2443 908 2515 colore
928 2443 1065 2514 viliore.

452 2737 786 2844 HYPUDAEUS
819 2737 1101 2811 OBSOURUS
1127 2739 1195 2810 Eo.

249 2987 299 3060 H.
339 2987 458 3084 Supra
469 2987 788 3086 fusco-nigricans,
800 2991 930 3063 subtus
943 2988 1099 3073 albidus,
1114 2987 1287 3061 auriculis
1302 2987 1450 3060 vollosis

352 3130 414 3202 vix
432 3130 565 3202 vellere
583 3130 815 3225 prorninulis‚
836 3131 952 3202 cauda
969 3125 995 3220 {-
1013 3128 1187 3224 corporis.

301 3371 449 3469 Species
468 3376 570 3461 haec,
586 3398 679 3472 quae
699 3385 842 3448 montes
858 3373 1008 3448 altaicos
1026 3372 1166 3458 incolit,
1183 3370 1383 3445 subsimilis
1397 3384 1452 3446 est

24 3499 30 3520 '
198 3515 247 3588 H.
266 3538 468 3589 oeconomo
491 3526 525 3589 et
545 3515 594 3589 H.
615 3516 741 3601 arvali,
762 3516 883 3590 differt
909 3527 1032 3590 antem
1052 3516 1097 3588 ab
1116 3513 1296 3588 ambobus
1317 3514 1451 3587 vellere

200 3637 318 3731 mutto
337 3642 499 3731 breviore
518 3669 554 3731 et
572 3659 743 3732 auriculis
761 3658 872 3732 dense
891 3658 1026 3754 pilosis.

201 3901 412 3996 Descriptio.
465 3899 603 3975 Dentes
632 3903 810 3998 primores
841 3903 1045 3999 superiores
1076 3911 1112 3974 et
1138 3900 1327 3974 inferiores
1351 3900 1453 3973 fulvi.

301 4041 446 4138 Corpus
460 4067 571 4139 supra
587 4044 771 4139 nigricans
785 4045 869 4140 pilis
881 4044 983 4141 apice
995 4043 1139 4118 sordide
1151 4043 1308 4130 luteolis,
1323 4041 1455 4138 quibus

305 4193 428 4258 autem
447 4185 546 4258 color
565 4186 668 4281 niger
685 4210 758 4258 non
781 4186 965 4282 obtegitur
980 4185 1185 4274 ;-subtus
1203 4184 1336 4258 vellere
1360 4207 1454 4269 raro,

309 4326 442 4415 albido,
463 4327 547 4422 pilis
565 4325 666 4413 albis,
685 4328 763 4401 basi
791 4327 1066 4423 nigricantibus,
1087 4350 1160 4424 quo
1179 4325 1279 4400 color
1296 4323 1458 4397 coerule-
