3196 4986
185 357 224 402 10
393 328 589 402 Annunnn
617 352 667 402 nn
695 327 881 402 Panussn
909 327 1210 405 unsaramma.

177 574 382 650 latitudinis
416 575 571 672 gradum
595 577 665 651 vix*
684 577 891 675 reperitur;
927 579 1059 653 alauda
1083 579 1249 654 arvensis
1274 603 1295 653 e
1320 588 1423 653 cont·

178 715 274 791 rario
298 718 407 814 longe
433 719 719 815 septentrionem
746 743 875 796 versus
901 721 1093 820 demigrat.

275 990 338 1063 An
365 989 456 1066 haec
484 993 562 1065 avis
590 1015 677 1065 vera
704 991 836 1066 alauda
862 990 1151 1088 brachydactyla
1178 983 1330 1064 Leisleri
1359 989 1422 1079 sit,

179 1141 280 1208 certo
297 1133 475 1208 affirmare
496 1133 635 1222 nolim;
680 1135 812 1208 saltem
838 1142 961 1208 tamen
987 1133 1041 1207 illi
1067 1132 1266 1207 simillima.
1319 1130 1425 1204 Cele-

167 1273 379 1376 'herrimum
406 1272 603 1347 Pallasinm
634 1273 730 1349 hanc
757 1273 950 1349 confusam
980 1274 1151 1348 habuisse
1179 1295 1265 1347 cum
1294 1271 1426 1346 alauda

179 1414 335 1503 arvensi,
365 1415 425 1488 cui
455 1415 575 1488 colore
606 1415 802 1503 simillima,
834 1413 926 1488 nihil
955 1414 1057 1488 dubii
1084 1423 1141 1488 est
1168 1437 1254 1489 cum
1282 1422 1426 1487 turmae
1544 1469 1547 1482 .

178 1578 304 1629 earum
337 1579 553 1629 numerosae
587 1556 703 1630 oculis
739 1557 968 1631 scrutatoriis
1012 1555 1177 1652 effugere
1220 1553 1319 1629 haud
1362 1578 1426 1650 po·

182 1696 349 1771 tuissent.

281 1949 326 2024 In
368 1950 613 2047 descriptione
655 1951 797 2026 itineris
840 1952 949 2026 variis
993 1953 1032 2024 in
1076 1952 1167 2027 locis
1212 1953 1426 2052 provinciae

181 2090 475 2189 Orenburgensis
516 2100 553 2167 et
593 2092 901 2168 Astrochanensis
944 2117 965 2167 a
1003 2117 1063 2194 me
1102 2093 1203 2182 facti,
1248 2095 1428 2191 impressa

182 2232 223 2306 in
260 2233 445 2323 „Journal
479 2233 545 2308 der
587 2245 743 2309 neusten
776 2221 988 2310 Laud-und
1031 2234 1232 2325 Seereisen,
1277 2236 1428 2334 redigirt

182 2397 256 2448 von
284 2374 351 2450 Dr.
380 2374 643 2475 Friedenburg,
671 2376 863 2474 Jahrgang
894 2381 1002 2475 1831.
1034 2401 1118 2476 pag.
1148 2372 1253 2477 ός.“,
1283 2373 1328 2451 de
1356 2377 1427 2452 hac

178 2517 310 2590 alauda
330 2517 409 2613 jam
433 2519 659 2592 mentionem
683 2518 766 2608 feci,
794 2528 832 2592 et
857 2519 949 2593 falso
975 2543 1042 2616 pro
1069 2519 1201 2594 alauda
1228 2519 1427 2618 pispoletta

178 2657 267 2732 Pall.
304 2659 437 2756 Zoogr.
481 2660 604 2748 habui,
647 2659 746 2756 quod
779 2659 838 2734 his
873 2662 1054 2758 corrigere
1088 2661 1211 2735 velim.
1281 2661 1426 2735 Alauda

177 2801 374 2897 pispoletta
399 2798 488 2873 Pall.
516 2810 584 2889 est,
604 2801 682 2875 sine
702 2799 825 2889 dubio,
844 2801 994 2875 Anthus
1012 2803 1203 2897 aquaticus
1221 2800 1370 2877 Bechst.

182 3071 391 3167 Descriptio.
461 3071 636 3145 Rostrum
670 3093 836 3145 crassum
871 3070 995 3158 breve,
1031 3071 1070 3144 in
1106 3071 1192 3145 viva
1225 3074 1423 3159 lutescens‚

280 3214 389 3288 dorso
428 3222 465 3287 et
504 3214 647 3310 apicem
685 3236 813 3287 versus
857 3213 1092 3301 infuscatum,
1139 3222 1224 3311 post
1269 3225 1426 3287 mortem

279 3357 491 3453 plumbeum
520 3357 622 3456 apice
653 3353 891 3430 infuscatam.
945 3354 1065 3452 Supra
1092 3365 1171 3429 tota
1199 3355 1278 3427 avis
1308 3355 1428 3449 grisea

280 3496 383 3571 fusco
399 3499 548 3570 liturata
562 3527 572 3585 ;
597 3497 730 3569 liturae
758 3505 881 3570 autem
911 3498 1029 3571 multo
1058 3495 1220 3569 minores
1249 3516 1359 3589 quam
1388 3491 1426 3564 in

283 3637 415 3712 alauda
449 3637 607 3725 arrensi,
638 3635 737 3710 uude
772 3637 873 3709 color
903 3635 1019 3729 magis
1050 3635 1204 3731 griseus.
1260 3630 1428 3706 Crissum

281 3805 304 3854 a
320 3787 424 3876 tergo
441 3778 541 3853 haud
557 3777 696 3852 differt
749 3775 888 3851 Subtus
911 3777 989 3850 avis
1011 3775 1156 3849 sordide
1173 3774 1257 3848 alba
1273 3805 1283 3863 ;
1309 3773 1428 3871 hypo·

281 3921 459 3996 chondris
480 3920 547 3993 vix
573 3919 801 4015 ferruginosa
829 3917 965 3992 atriolis
990 3916 1165 3991 obsoletis
1188 3915 1428 3991 fusco-ferru-

283 4063 446 4158 ginosis3
473 4071 601 4159 guttur
620 4061 756 4168 ubique
784 4059 921 4134 striolis
949 4083 1014 4134 seu
1043 4058 1197 4133 maculis
1225 4051 1342 4132 acutis
1372 4058 1429 4130 ni·

285 4206 388 4301 gris;
423 4206 510 4302 gula
537 4213 574 4278 et
600 4202 782 4300 ingluvies
811 4225 925 4298 aeque
953 4225 996 4275 ao
1024 4209 1155 4298 pectus
1181 4207 1218 4274 et
1248 4200 1429 4273 abdomen

280 4348 526 4422 immaculata.
588 4345 742 4421 Tractus
773 4343 1018 4442 supraciliaris
1047 4342 1202 4417 albidus.
1267 4341 1358 4414 Alae
1386 4350 1423 4414 et
