3196 4986
196 302 235 366 26
411 293 604 365 Annianus
633 318 682 366 sn
711 294 896 368 Pauursrr
926 297 1230 372 Zoooaarumu.

196 571 280 620 cum
324 547 582 620 celeberrimus
634 547 753 620 Pallas
805 550 842 620 in
894 539 1129 644 Zoographia
1174 551 1447 624 rosso-asiatica

196 688 286 760 nihil
319 690 363 761 de
395 713 437 761 ea
470 679 674 775 monuerit,
710 701 746 762 et
774 690 874 763 illam
906 691 1121 787 simpliciter
1150 716 1215 786 pro
1244 691 1446 766 Columbae

199 829 362 904 Oenadis
391 833 566 903 varietate
591 833 793 926 protulerit.

295 1121 475 1194 Columba
512 1122 598 1193 livia
635 1123 673 1194 in
713 1123 900 1216 provincia
945 1122 1220 1220 Orenburgensi
1266 1127 1343 1198 avis
1388 1139 1444 1199 est

192 1264 404 1359 peregrina,
448 1287 540 1359 quae
577 1266 772 1358 quotannis
810 1268 945 1338 vernali
992 1277 1154 1362 tempore
1195 1268 1278 1339 nive
1323 1269 1445 1342 soluta

193 1407 369 1492 advolat,
416 1418 452 1479 et
488 1415 695 1490 autumno,
733 1407 907 1502 frigorum
944 1407 1081 1493 initio,
1128 1410 1270 1504 magnis
1312 1413 1445 1482 turmis
1532 1427 1538 1446 ·

193 1546 208 1641 (
228 1577 236 1619 :
274 1571 382 1643 saepe
415 1548 609 1644 quingenis
644 1549 843 1653 individuis
874 1549 1015 1643 junctis
1054 1548 1097 1643 ε)
1128 1550 1210 1622 loca
1240 1548 1301 1621 illa
1333 1551 1443 1623 relin-

192 1691 283 1786 quit.
318 1731 360 1744 -
386 1689 531 1762 Incolae
562 1691 689 1763 rossici
721 1689 815 1762 hanc
848 1675 1052 1762 columbam
1082 1715 1102 1762 a
1128 1691 1298 1762 columba
1327 1715 1438 1763 oena-

192 1833 236 1904 de
279 1833 369 1904 bene
412 1832 667 1928 distinguunt,
713 1842 749 1903 et
792 1841 937 1926 propter
977 1843 1209 1904 constantem
1249 1833 1437 1906 characte-

193 1974 357 2047 risticum
403 1973 560 2046 colorem
604 1973 856 2068 splendentem
901 1973 1269 2046 luteo-rubescentem
1320 1984 1443 2070 pecto-

192 2118 271 2203 ris,
308 2117 456 2213 proprio
492 2115 639 2187 nomine
676 2115 807 2186 Glinlca
842 2115 940 2186 illam
974 2114 1241 2201 denominant,
1279 2116 1444 2189 derivato

192 2284 214 2332 a
248 2260 380 2345 Glinn,
412 2258 509 2353 quod
545 2256 732 2353 significat
765 2258 895 2361 lutum.
950 2253 1034 2327 Hoc
1069 2258 1190 2329 colore
1225 2257 1442 2331 rubescente

192 2425 259 2474 nee
303 2424 377 2474 non
421 2408 603 2473 ceromate
648 2397 806 2494 turgido·
834 2397 946 2482 albo,
994 2409 1111 2470 rostro
1156 2398 1256 2495 molli
1298 2398 1440 2484 flexili,

191 2567 341 2640 corpore
369 2543 506 2615 minore
533 2553 569 2614 et
595 2541 807 2635 graciliore,
836 2538 941 2611 facile
967 2538 1187 2633 distiguitur.

292 2834 408 2907 Simul
454 2857 495 2904 ac
538 2830 580 2903 C.
621 2831 707 2901 livia
751 2828 960 2913 advolavit,
1007 2826 1104 2898 haud
1144 2851 1225 2898 raro
1269 2828 1306 2898 in
1348 2827 1438 2899 locis

191 2976 406 3063 denudatis,
447 2975 504 3046 vel
548 2975 585 3044 in
627 2972 695 3044 viis
739 2972 795 3042 vel
837 2972 873 3042 in
912 2970 1051 3065 campis
1087 2969 1219 3054 siecle,
1256 2940 1323 3040 nec
1362 2993 1437 3042 non

191 3123 289 3194 circa
330 3141 443 3216 pagos
483 3116 520 3187 in
561 3113 740 3187 ruderatis
780 3121 817 3184 et
858 3111 955 3184 circa
996 3111 1148 3197 horrea,
1191 3133 1320 3183 acerva
1365 3110 1437 3182 fru-

190 3262 392 3345 mentaria,
430 3268 466 3331 et
501 3269 643 3341 cetera,
680 3255 856 3352 pabulum
891 3253 1065 3349 colligens
1100 3252 1304 3347 reperitur;
1343 3277 1434 3324 nun·

190 3428 301 3502 quam
336 3410 458 3474 autem
486 3399 523 3470 in
551 3420 663 3493 pagos
693 3399 792 3491 ipsos
820 3393 983 3480 involat,
1015 3407 1052 3466 et
1083 3417 1270 3488 nunquam
1303 3395 1340 3465 in
1372 3393 1437 3466 do·

190 3568 316 3620 muum
348 3542 509 3616 culmina
540 3538 644 3612 sedit.
700 3535 879 3620 Quamvis
911 3537 995 3608 licet
1026 3535 1067 3608 C.
1100 3533 1247 3626 Oenas,
1281 3535 1436 3628 quaein

190 3649 361 3762 omnibus
398 3683 499 3779 pagis
535 3678 788 3774 vulgatissima
822 3690 857 3751 et
896 3701 1084 3773 passerum
1120 3677 1235 3750 instar
1270 3677 1436 3765 habitat,

190 3828 396 3927 promiscue
439 3847 524 3896 cum
567 3821 610 3895 C.
656 3820 743 3894 livia
785 3820 913 3893 iisdem
957 3820 995 3891 in
1039 3819 1129 3892 locis
1173 3843 1283 3914 supra
1328 3820 1437 3907 dictis

189 3974 379 4051 versetur,
413 3972 534 4036 tamen
564 3961 608 4033 ab
639 3959 719 4054 ejus
750 3959 924 4031 societate
954 3982 1098 4053 semper
1129 3958 1313 4044 abstinet,
1342 3981 1436 4029 sem-

147 4135 150 4142 ’
190 4131 326 4208 perque
361 4104 534 4206 singulae¹
562 4102 695 4199 speciei
736 4100 926 4173 individua
961 4101 1056 4172 inter
1089 4123 1127 4172 se
1164 4099 1325 4194 junctim
1361 4124 1436 4173 am-

188 4253 327 4325 bolant.
351 4288 401 4300 -
428 4245 470 4320 C.
509 4245 619 4332 livia,
653 4243 738 4344 cibo
775 4242 931 4328 satiata,
970 4265 1052 4313 mox
1092 4241 1129 4313 in
1172 4243 1312 4338 sylvam
1354 4265 1435 4337 pro-

183 4394 387 4490 pinquam,
416 4391 493 4486 ejus
520 4388 724 4482 refugium,
754 4387 903 4458 revolat.
957 4383 1181 4458 Habitacula
1210 4385 1242 4457 ei
1271 4384 1434 4479 gratissi·
