<?xml version="1.0" encoding="UTF-8"?>
<!DOCTYPE html PUBLIC "-//W3C//DTD XHTML 1.0 Transitional//EN"
    "http://www.w3.org/TR/xhtml1/DTD/xhtml1-transitional.dtd">
<html xmlns="http://www.w3.org/1999/xhtml" xml:lang="en" lang="en">
 <head>
  <title>
</title>
<meta http-equiv="Content-Type" content="text/html;charset=utf-8" />
  <meta name='ocr-system' content='tesseract 3.04.00' />
  <meta name='ocr-capabilities' content='ocr_page ocr_carea ocr_par ocr_line ocrx_word'/>
</head>
<body>
  <div class='ocr_page' id='page_1' title='image "./reprinteversman00evergoog_0067.png"; bbox 0 0 3196 4986; ppageno 0'>
   <div class='ocr_carea' id='block_1_1' title="bbox 266 553 1413 934">
    <p class='ocr_par' dir='ltr' id='par_1_1' title="bbox 266 553 1413 934">
     <span class='ocr_line' id='line_1_1' title="bbox 266 553 1412 652; baseline -0.002 -24"><span class='ocrx_word' id='word_1_1' title='bbox 266 553 371 636; x_wconf 86' lang='lat' dir='ltr'><strong>Iuv:</strong></span> <span class='ocrx_word' id='word_1_2' title='bbox 425 578 535 652; x_wconf 88' lang='lat' dir='ltr'><strong>supra</strong></span> <span class='ocrx_word' id='word_1_3' title='bbox 555 553 693 643; x_wconf 90' lang='lat' dir='ltr'><strong>fuscus,</strong></span> <span class='ocrx_word' id='word_1_4' title='bbox 714 555 891 652; x_wconf 85' lang='lat' dir='ltr'><strong>nropygio</strong></span> <span class='ocrx_word' id='word_1_5' title='bbox 910 556 1005 640; x_wconf 88' lang='lat' dir='ltr'><strong>albo,</strong></span> <span class='ocrx_word' id='word_1_6' title='bbox 1019 593 1067 610; x_wconf 89' lang='lat'><strong>·-</strong></span> <span class='ocrx_word' id='word_1_7' title='bbox 1080 555 1210 628; x_wconf 81' lang='lat' dir='ltr'><strong>subtus</strong></span> <span class='ocrx_word' id='word_1_8' title='bbox 1228 553 1412 627; x_wconf 89' lang='lat' dir='ltr'><strong>brunnec-</strong></span> 
     </span>
     <span class='ocr_line' id='line_1_2' title="bbox 364 695 1413 794; baseline -0.004 -24"><span class='ocrx_word' id='word_1_9' title='bbox 364 698 592 794; x_wconf 83' lang='lat' dir='ltr'><strong>serrugineus</strong></span> <span class='ocrx_word' id='word_1_10' title='bbox 619 699 1056 794; x_wconf 86' lang='lat' dir='ltr'><strong>immaculatus,-geua</strong></span> <span class='ocrx_word' id='word_1_11' title='bbox 1071 697 1200 794; x_wconf 88' lang='lat' dir='ltr'><strong>-nigra,</strong></span> <span class='ocrx_word' id='word_1_12' title='bbox 1230 695 1413 769; x_wconf 83' lang='lat' dir='ltr'><strong>maculam</strong></span> 
     </span>
     <span class='ocr_line' id='line_1_3' title="bbox 363 837 1306 934; baseline -0.003 -22"><span class='ocrx_word' id='word_1_13' title='bbox 363 838 649 913; x_wconf 86' lang='lat' dir='ltr'><strong>infraorbitalem</strong></span> <span class='ocrx_word' id='word_1_14' title='bbox 667 839 927 934; x_wconf 83' lang='lat' dir='ltr'><strong>triangularem</strong></span> <span class='ocrx_word' id='word_1_15' title='bbox 946 837 1066 911; x_wconf 90' lang='lat' dir='ltr'><strong>albam</strong></span> <span class='ocrx_word' id='word_1_16' title='bbox 1085 838 1306 911; x_wconf 83' lang='lat' dir='ltr'><strong>includente.</strong></span> 
     </span>
    </p>
   </div>
   <div class='ocr_carea' id='block_1_2' title="bbox 160 1116 1410 1499">
    <p class='ocr_par' dir='ltr' id='par_1_2' title="bbox 160 1116 1410 1499">
     <span class='ocr_line' id='line_1_4' title="bbox 265 1116 1409 1216; baseline 0 -23"><span class='ocrx_word' id='word_1_17' title='bbox 265 1119 421 1194; x_wconf 83' lang='lat' dir='ltr'><strong>Habitat</strong></span> <span class='ocrx_word' id='word_1_18' title='bbox 434 1121 473 1193; x_wconf 91' lang='lat' dir='ltr'><strong>in</strong></span> <span class='ocrx_word' id='word_1_19' title='bbox 490 1119 689 1216; x_wconf 83' lang='lat' dir='ltr'><strong>provinciae</strong></span> <span class='ocrx_word' id='word_1_20' title='bbox 708 1116 1002 1216; x_wconf 85' lang='lat' dir='ltr'><strong>Oreuburgensis</strong></span> <span class='ocrx_word' id='word_1_21' title='bbox 1019 1119 1158 1215; x_wconf 89' lang='lat' dir='ltr'><strong>eampis</strong></span> <span class='ocrx_word' id='word_1_22' title='bbox 1176 1118 1349 1206; x_wconf 87' lang='lat' dir='ltr'><strong>herbidis,</strong></span> <span class='ocrx_word' id='word_1_23' title='bbox 1370 1120 1409 1193; x_wconf 94' lang='lat' dir='ltr'><strong>in</strong></span> 
     </span>
     <span class='ocr_line' id='line_1_5' title="bbox 162 1259 1410 1358; baseline -0.001 -23"><span class='ocrx_word' id='word_1_24' title='bbox 162 1261 420 1358; x_wconf 88' lang='lat' dir='ltr'><strong>promontoriis</strong></span> <span class='ocrx_word' id='word_1_25' title='bbox 430 1260 672 1335; x_wconf 89' lang='lat' dir='ltr'><strong>Uralensibus</strong></span> <span class='ocrx_word' id='word_1_26' title='bbox 682 1259 948 1348; x_wconf 86' lang='lat' dir='ltr'><strong>humilioribus,</strong></span> <span class='ocrx_word' id='word_1_27' title='bbox 963 1283 1116 1334; x_wconf 89' lang='lat' dir='ltr'><strong>necnon</strong></span> <span class='ocrx_word' id='word_1_28' title='bbox 1128 1261 1166 1332; x_wconf 91' lang='lat' dir='ltr'><strong>in</strong></span> <span class='ocrx_word' id='word_1_29' title='bbox 1178 1262 1316 1358; x_wconf 90' lang='lat' dir='ltr'><strong>campis</strong></span> <span class='ocrx_word' id='word_1_30' title='bbox 1329 1261 1410 1335; x_wconf 91' lang='lat' dir='ltr'><strong>ber-</strong></span> 
     </span>
     <span class='ocr_line' id='line_1_6' title="bbox 160 1397 919 1499; baseline -0.004 -22"><span class='ocrx_word' id='word_1_31' title='bbox 160 1402 256 1478; x_wconf 89' lang='lat' dir='ltr'><strong>bidis</strong></span> <span class='ocrx_word' id='word_1_32' title='bbox 273 1403 510 1478; x_wconf 86' lang='lat' dir='ltr'><strong>orientalibus</strong></span> <span class='ocrx_word' id='word_1_33' title='bbox 528 1402 573 1476; x_wconf 88' lang='lat' dir='ltr'><strong>ad</strong></span> <span class='ocrx_word' id='word_1_34' title='bbox 590 1403 746 1477; x_wconf 91' lang='lat' dir='ltr'><strong>fluvium</strong></span> <span class='ocrx_word' id='word_1_35' title='bbox 764 1397 919 1499; x_wconf 78' lang='lat' dir='ltr'><strong>Irt‘yscb.</strong></span> 
     </span>
    </p>
   </div>
   <div class='ocr_carea' id='block_1_3' title="bbox 1109 1643 1119 1686">
    <p class='ocr_par' dir='ltr' id='par_1_3' title="bbox 1109 1643 1119 1686">
     <span class='ocr_line' id='line_1_7' title="bbox 1109 1643 1119 1686; baseline 0 0"><span class='ocrx_word' id='word_1_36' title='bbox 1109 1643 1119 1686; x_wconf 76' lang='lat' dir='ltr'><strong>l</strong></span> 
     </span>
    </p>
   </div>
   <div class='ocr_carea' id='block_1_4' title="bbox 462 1967 1105 2044">
    <p class='ocr_par' dir='ltr' id='par_1_4' title="bbox 462 1967 1105 2044">
     <span class='ocr_line' id='line_1_8' title="bbox 462 1967 1105 2044; baseline 0.003 -2"><span class='ocrx_word' id='word_1_37' title='bbox 462 1967 736 2042; x_wconf 86' lang='lat' dir='ltr'>GARRULUS</span> <span class='ocrx_word' id='word_1_38' title='bbox 763 1967 1011 2043; x_wconf 84' lang='lat' dir='ltr'>BRANDTII</span> <span class='ocrx_word' id='word_1_39' title='bbox 1037 1969 1105 2044; x_wconf 81' lang='lat' dir='ltr'><strong>Ev.</strong></span> 
     </span>
    </p>
   </div>
   <div class='ocr_carea' id='block_1_5' title="bbox 261 2219 1408 2483">
    <p class='ocr_par' dir='ltr' id='par_1_5' title="bbox 261 2219 1408 2483">
     <span class='ocr_line' id='line_1_9' title="bbox 261 2219 1407 2340; baseline 0.001 -23"><span class='ocrx_word' id='word_1_40' title='bbox 261 2243 308 2318; x_wconf 92' lang='lat' dir='ltr'><strong>G.</strong></span> <span class='ocrx_word' id='word_1_41' title='bbox 362 2242 482 2339; x_wconf 90' lang='lat' dir='ltr'><strong>capite</strong></span> <span class='ocrx_word' id='word_1_42' title='bbox 506 2244 674 2340; x_wconf 89' lang='lat' dir='ltr'><strong>colloque</strong></span> <span class='ocrx_word' id='word_1_43' title='bbox 696 2245 779 2317; x_wconf 88' lang='lat' dir='ltr'><strong>laete</strong></span> <span class='ocrx_word' id='word_1_44' title='bbox 805 2242 1033 2340; x_wconf 85' lang='lat' dir='ltr'><strong>ferrugineis,</strong></span> <span class='ocrx_word' id='word_1_45' title='bbox 1052 2219 1192 2320; x_wconf 87' lang='lat' dir='ltr'><strong>ambitu</strong></span> <span class='ocrx_word' id='word_1_46' title='bbox 1216 2245 1407 2318; x_wconf 90' lang='lat' dir='ltr'><strong>oculorum</strong></span> 
     </span>
     <span class='ocr_line' id='line_1_10' title="bbox 359 2385 1408 2483; baseline 0.002 -25"><span class='ocrx_word' id='word_1_47' title='bbox 359 2385 586 2482; x_wconf 86' lang='lat' dir='ltr'><strong>maculisque</strong></span> <span class='ocrx_word' id='word_1_48' title='bbox 603 2385 689 2482; x_wconf 92' lang='lat' dir='ltr'><strong>pilei</strong></span> <span class='ocrx_word' id='word_1_49' title='bbox 709 2385 835 2482; x_wconf 86' lang='lat' dir='ltr'><strong>nigris,</strong></span> <span class='ocrx_word' id='word_1_50' title='bbox 854 2387 948 2459; x_wconf 90' lang='lat' dir='ltr'><strong>vitta</strong></span> <span class='ocrx_word' id='word_1_51' title='bbox 964 2385 1135 2482; x_wconf 89' lang='lat' dir='ltr'><strong>utrinque</strong></span> <span class='ocrx_word' id='word_1_52' title='bbox 1159 2387 1351 2483; x_wconf 89' lang='lat' dir='ltr'><strong>mystacali</strong></span> <span class='ocrx_word' id='word_1_53' title='bbox 1369 2411 1408 2460; x_wconf 91' lang='lat' dir='ltr'><strong>a·</strong></span> 
     </span>
    </p>
   </div>
   <div class='ocr_carea' id='block_1_6' title="bbox 357 2527 1596 2626">
    <p class='ocr_par' dir='ltr' id='par_1_6' title="bbox 357 2527 1596 2626">
     <span class='ocr_line' id='line_1_11' title="bbox 357 2527 1596 2626; baseline 0.002 -26"><span class='ocrx_word' id='word_1_54' title='bbox 357 2536 583 2623; x_wconf 70' lang='lat' dir='ltr'><strong>tra—tergo</strong></span> <span class='ocrx_word' id='word_1_55' title='bbox 601 2527 757 2616; x_wconf 91' lang='lat' dir='ltr'><strong>cinereo,</strong></span> <span class='ocrx_word' id='word_1_56' title='bbox 777 2529 971 2602; x_wconf 87' lang='lat' dir='ltr'><strong>abdomine</strong></span> <span class='ocrx_word' id='word_1_57' title='bbox 990 2528 1206 2616; x_wconf 89' lang='lat' dir='ltr'><strong>rufescente,</strong></span> <span class='ocrx_word' id='word_1_58' title='bbox 1226 2529 1407 2626; x_wconf 85' lang='lat' dir='ltr'><strong>uropygio</strong></span> <span class='ocrx_word' id='word_1_59' title='bbox 1527 2535 1543 2556; x_wconf 85' lang='lat'>&#39;</span> <span class='ocrx_word' id='word_1_60' title='bbox 1587 2534 1596 2552; x_wconf 75' lang='lat'><strong><em>¹</em></strong></span> 
     </span>
    </p>
   </div>
   <div class='ocr_carea' id='block_1_7' title="bbox 274 2669 1407 3060">
    <p class='ocr_par' dir='ltr' id='par_1_7' title="bbox 274 2669 1407 3060">
     <span class='ocr_line' id='line_1_12' title="bbox 274 2669 1407 2768; baseline 0.003 -26"><span class='ocrx_word' id='word_1_61' title='bbox 274 2757 276 2762; x_wconf 23' lang='grc' dir='ltr'>Ι</span> <span class='ocrx_word' id='word_1_62' title='bbox 354 2669 652 2766; x_wconf 87' lang='lat' dir='ltr'><strong>crissoquealbis,</strong></span> <span class='ocrx_word' id='word_1_63' title='bbox 660 2670 801 2743; x_wconf 90' lang='lat' dir='ltr'><strong>alarum</strong></span> <span class='ocrx_word' id='word_1_64' title='bbox 811 2670 1022 2746; x_wconf 81' lang='lat' dir='ltr'><strong>lectricibus</strong></span> <span class='ocrx_word' id='word_1_65' title='bbox 1033 2671 1284 2768; x_wconf 83' lang='lat' dir='ltr'><strong>remigumque</strong></span> <span class='ocrx_word' id='word_1_66' title='bbox 1295 2672 1407 2745; x_wconf 89' lang='lat' dir='ltr'><strong>inter·</strong></span> 
     </span>
     <span class='ocr_line' id='line_1_13' title="bbox 357 2808 1407 2909; baseline 0.003 -28"><span class='ocrx_word' id='word_1_67' title='bbox 357 2809 559 2883; x_wconf 85' lang='lat' dir='ltr'><strong>mediarum</strong></span> <span class='ocrx_word' id='word_1_68' title='bbox 578 2808 655 2882; x_wconf 89' lang='lat' dir='ltr'><strong>basi</strong></span> <span class='ocrx_word' id='word_1_69' title='bbox 679 2811 849 2884; x_wconf 88' lang='lat' dir='ltr'><strong>coeruleo</strong></span> <span class='ocrx_word' id='word_1_70' title='bbox 867 2812 1041 2908; x_wconf 86' lang='lat' dir='ltr'><strong>nigroque</strong></span> <span class='ocrx_word' id='word_1_71' title='bbox 1059 2812 1407 2909; x_wconf 72' lang='lat' dir='ltr'><strong>facciatis-pedi-</strong></span> 
     </span>
     <span class='ocr_line' id='line_1_14' title="bbox 356 2945 981 3060; baseline 0.002 -37"><span class='ocrx_word' id='word_1_72' title='bbox 356 2951 425 3023; x_wconf 92' lang='lat' dir='ltr'><strong>bus</strong></span> <span class='ocrx_word' id='word_1_73' title='bbox 443 2945 566 3024; x_wconf 86' lang='lat' dir='ltr'><strong>luscis.</strong></span> <span class='ocrx_word' id='word_1_74' title='bbox 966 2999 981 3060; x_wconf 57' lang='lat'><em>7</em></span> 
     </span>
    </p>
   </div>
   <div class='ocr_carea' id='block_1_8' title="bbox 154 3225 1403 3469">
    <p class='ocr_par' dir='ltr' id='par_1_8' title="bbox 154 3225 1403 3469">
     <span class='ocr_line' id='line_1_15' title="bbox 253 3225 1399 3316; baseline 0.002 -17"><span class='ocrx_word' id='word_1_75' title='bbox 253 3226 549 3300; x_wconf 80' lang='lat' dir='ltr'><strong>Dnscarrrro.</strong></span> <span class='ocrx_word' id='word_1_76' title='bbox 603 3225 752 3300; x_wconf 88' lang='lat' dir='ltr'><strong>Statura</strong></span> <span class='ocrx_word' id='word_1_77' title='bbox 769 3236 805 3299; x_wconf 91' lang='lat' dir='ltr'><strong>et</strong></span> <span class='ocrx_word' id='word_1_78' title='bbox 823 3227 988 3300; x_wconf 89' lang='lat' dir='ltr'><strong>colorum</strong></span> <span class='ocrx_word' id='word_1_79' title='bbox 1006 3227 1216 3302; x_wconf 88' lang='lat' dir='ltr'><strong>distributio</strong></span> <span class='ocrx_word' id='word_1_80' title='bbox 1235 3232 1399 3316; x_wconf 90' lang='lat' dir='ltr'><strong>omnino,</strong></span> 
     </span>
     <span class='ocr_line' id='line_1_16' title="bbox 154 3367 1403 3469; baseline 0 -25"><span class='ocrx_word' id='word_1_81' title='bbox 154 3380 197 3469; x_wconf 82' lang='lat' dir='ltr'><strong>ut</strong></span> <span class='ocrx_word' id='word_1_82' title='bbox 220 3370 258 3443; x_wconf 92' lang='lat' dir='ltr'><strong>in</strong></span> <span class='ocrx_word' id='word_1_83' title='bbox 278 3368 324 3442; x_wconf 92' lang='lat' dir='ltr'><strong>G.</strong></span> <span class='ocrx_word' id='word_1_84' title='bbox 346 3367 557 3457; x_wconf 87' lang='lat' dir='ltr'><strong>Glandario,</strong></span> <span class='ocrx_word' id='word_1_85' title='bbox 577 3370 629 3443; x_wconf 92' lang='lat' dir='ltr'><strong>ita</strong></span> <span class='ocrx_word' id='word_1_86' title='bbox 654 3378 696 3442; x_wconf 91' lang='lat' dir='ltr'><strong>ut</strong></span> <span class='ocrx_word' id='word_1_87' title='bbox 719 3368 799 3464; x_wconf 88' lang='lat' dir='ltr'><strong>ejus</strong></span> <span class='ocrx_word' id='word_1_88' title='bbox 822 3370 1036 3444; x_wconf 86' lang='lat' dir='ltr'><strong>varietatem</strong></span> <span class='ocrx_word' id='word_1_89' title='bbox 1063 3371 1240 3458; x_wconf 86' lang='lat' dir='ltr'><strong>crederes,</strong></span> <span class='ocrx_word' id='word_1_90' title='bbox 1259 3396 1332 3469; x_wconf 88' lang='lat' dir='ltr'><strong>qua</strong></span> <span class='ocrx_word' id='word_1_91' title='bbox 1357 3373 1403 3444; x_wconf 92' lang='lat' dir='ltr'><strong>de</strong></span> 
     </span>
    </p>
   </div>
   <div class='ocr_carea' id='block_1_9' title="bbox 153 3510 1549 3610">
    <p class='ocr_par' dir='ltr' id='par_1_9' title="bbox 153 3510 1549 3610">
     <span class='ocr_line' id='line_1_17' title="bbox 153 3510 1549 3610; baseline 0.001 -26"><span class='ocrx_word' id='word_1_92' title='bbox 153 3535 263 3586; x_wconf 87' lang='lat' dir='ltr'><strong>causa</strong></span> <span class='ocrx_word' id='word_1_93' title='bbox 277 3511 558 3608; x_wconf 89' lang='lat' dir='ltr'><strong>descriptionem</strong></span> <span class='ocrx_word' id='word_1_94' title='bbox 572 3511 751 3607; x_wconf 85' lang='lat' dir='ltr'><strong>prolixam</strong></span> <span class='ocrx_word' id='word_1_95' title='bbox 764 3510 909 3585; x_wconf 88' lang='lat' dir='ltr'><strong>evitabo</strong></span> <span class='ocrx_word' id='word_1_96' title='bbox 923 3521 957 3584; x_wconf 92' lang='lat' dir='ltr'><strong>et</strong></span> <span class='ocrx_word' id='word_1_97' title='bbox 970 3512 1198 3585; x_wconf 90' lang='lat' dir='ltr'><strong>solummodo</strong></span> <span class='ocrx_word' id='word_1_98' title='bbox 1211 3513 1317 3610; x_wconf 87' lang='lat' dir='ltr'><strong>signa</strong></span> <span class='ocrx_word' id='word_1_99' title='bbox 1329 3514 1401 3587; x_wconf 82' lang='lat' dir='ltr'><strong>dis·</strong></span> <span class='ocrx_word' id='word_1_100' title='bbox 1453 3579 1456 3596; x_wconf 88' lang='grc'>,</span> <span class='ocrx_word' id='word_1_101' title='bbox 1542 3535 1549 3556; x_wconf 86' lang='grc'><em>·</em></span> 
     </span>
    </p>
   </div>
   <div class='ocr_carea' id='block_1_10' title="bbox 153 3650 1401 3750">
    <p class='ocr_par' dir='ltr' id='par_1_10' title="bbox 153 3650 1401 3750">
     <span class='ocr_line' id='line_1_18' title="bbox 153 3650 1401 3750; baseline 0 -22"><span class='ocrx_word' id='word_1_102' title='bbox 153 3653 309 3728; x_wconf 90' lang='lat' dir='ltr'><strong>cretoria</strong></span> <span class='ocrx_word' id='word_1_103' title='bbox 336 3650 738 3736; x_wconf 82' lang='lat' dir='ltr'><strong>exhibebo-Quinta</strong></span> <span class='ocrx_word' id='word_1_104' title='bbox 756 3661 820 3725; x_wconf 86' lang='lat' dir='ltr'><strong>aut</strong></span> <span class='ocrx_word' id='word_1_105' title='bbox 838 3661 941 3726; x_wconf 86' lang='lat' dir='ltr'><strong>sexta</strong></span> <span class='ocrx_word' id='word_1_106' title='bbox 959 3662 1061 3749; x_wconf 90' lang='lat' dir='ltr'><strong>parte</strong></span> <span class='ocrx_word' id='word_1_107' title='bbox 1080 3655 1200 3727; x_wconf 90' lang='lat' dir='ltr'><strong>minor</strong></span> <span class='ocrx_word' id='word_1_108' title='bbox 1217 3665 1273 3728; x_wconf 90' lang='lat' dir='ltr'><strong>est</strong></span> <span class='ocrx_word' id='word_1_109' title='bbox 1291 3679 1401 3750; x_wconf 89' lang='lat' dir='ltr'><strong>quam</strong></span> 
     </span>
    </p>
   </div>
   <div class='ocr_carea' id='block_1_11' title="bbox 153 3767 1403 3908">
    <p class='ocr_par' dir='ltr' id='par_1_11' title="bbox 153 3767 1403 3908">
     <span class='ocr_line' id='line_1_19' title="bbox 153 3767 1403 3908; baseline 0.002 -40"><span class='ocrx_word' id='word_1_110' title='bbox 153 3794 387 3870; x_wconf 90' lang='lat' dir='ltr'><strong>Glandarius.</strong></span> <span class='ocrx_word' id='word_1_111' title='bbox 422 3793 562 3890; x_wconf 62' lang='lat' dir='ltr'><strong>,Caput</strong></span> <span class='ocrx_word' id='word_1_112' title='bbox 580 3805 616 3868; x_wconf 89' lang='lat' dir='ltr'><strong>et</strong></span> <span class='ocrx_word' id='word_1_113' title='bbox 634 3795 772 3867; x_wconf 92' lang='lat' dir='ltr'><strong>collum</strong></span> <span class='ocrx_word' id='word_1_114' title='bbox 788 3794 871 3868; x_wconf 89' lang='lat' dir='ltr'><strong>laete</strong></span> <span class='ocrx_word' id='word_1_115' title='bbox 889 3793 1205 3908; x_wconf 64' lang='lat' dir='ltr'><strong>ruso-[erruginea</strong></span> <span class='ocrx_word' id='word_1_116' title='bbox 1219 3797 1281 3894; x_wconf 94' lang='lat' dir='ltr'><strong>qui</strong></span> <span class='ocrx_word' id='word_1_117' title='bbox 1300 3767 1403 3870; x_wconf 91' lang='lat' dir='ltr'><strong>color</strong></span> 
     </span>
    </p>
   </div>
   <div class='ocr_carea' id='block_1_12' title="bbox 150 3935 1400 4458">
    <p class='ocr_par' dir='ltr' id='par_1_12' title="bbox 150 3935 1400 4458">
     <span class='ocr_line' id='line_1_20' title="bbox 151 3935 1400 4036; baseline 0 -25"><span class='ocrx_word' id='word_1_118' title='bbox 151 3937 262 4011; x_wconf 92' lang='lat' dir='ltr'><strong>etiam</strong></span> <span class='ocrx_word' id='word_1_119' title='bbox 275 3936 524 4032; x_wconf 86' lang='lat' dir='ltr'><strong>interscapulii</strong></span> <span class='ocrx_word' id='word_1_120' title='bbox 543 3935 916 4032; x_wconf 90' lang='lat' dir='ltr'><strong>partem-anteriorem</strong></span> <span class='ocrx_word' id='word_1_121' title='bbox 932 3945 1089 4030; x_wconf 88' lang='lat' dir='ltr'><strong>occupat</strong></span> <span class='ocrx_word' id='word_1_122' title='bbox 1102 3947 1138 4010; x_wconf 90' lang='lat' dir='ltr'><strong>et</strong></span> <span class='ocrx_word' id='word_1_123' title='bbox 1157 3962 1241 4011; x_wconf 92' lang='lat' dir='ltr'><strong>cum</strong></span> <span class='ocrx_word' id='word_1_124' title='bbox 1261 3939 1400 4036; x_wconf 91' lang='lat' dir='ltr'><strong>reliquo</strong></span> 
     </span>
     <span class='ocr_line' id='line_1_21' title="bbox 150 4074 1400 4176; baseline 0.001 -24"><span class='ocrx_word' id='word_1_125' title='bbox 150 4082 261 4153; x_wconf 90' lang='lat' dir='ltr'><strong>dorso</strong></span> <span class='ocrx_word' id='word_1_126' title='bbox 278 4079 422 4152; x_wconf 91' lang='lat' dir='ltr'><strong>cinereo</strong></span> <span class='ocrx_word' id='word_1_127' title='bbox 440 4101 567 4174; x_wconf 87' lang='lat' dir='ltr'><strong>pamm</strong></span> <span class='ocrx_word' id='word_1_128' title='bbox 588 4076 751 4152; x_wconf 91' lang='lat' dir='ltr'><strong>diluitur.</strong></span> <span class='ocrx_word' id='word_1_129' title='bbox 805 4074 920 4173; x_wconf 85' lang='lat' dir='ltr'><strong>Regio</strong></span> <span class='ocrx_word' id='word_1_130' title='bbox 938 4079 1199 4174; x_wconf 90' lang='lat' dir='ltr'><strong>ophthalmica,</strong></span> <span class='ocrx_word' id='word_1_131' title='bbox 1215 4081 1303 4166; x_wconf 88' lang='lat' dir='ltr'><strong>lora,</strong></span> <span class='ocrx_word' id='word_1_132' title='bbox 1319 4082 1400 4176; x_wconf 92' lang='lat' dir='ltr'><strong>plu-</strong></span> 
     </span>
     <span class='ocr_line' id='line_1_22' title="bbox 151 4203 1398 4317; baseline -0.002 -23"><span class='ocrx_word' id='word_1_133' title='bbox 151 4217 258 4294; x_wconf 81' lang='lat' dir='ltr'><strong>mulae</strong></span> <span class='ocrx_word' id='word_1_134' title='bbox 273 4220 487 4294; x_wconf 87' lang='lat' dir='ltr'><strong>mastacales</strong></span> <span class='ocrx_word' id='word_1_135' title='bbox 502 4242 606 4292; x_wconf 89' lang='lat' dir='ltr'><strong>nares</strong></span> <span class='ocrx_word' id='word_1_136' title='bbox 618 4203 782 4314; x_wconf 83' lang='lat' dir='ltr'><strong>tegentes</strong></span> <span class='ocrx_word' id='word_1_137' title='bbox 794 4227 831 4293; x_wconf 93' lang='lat' dir='ltr'><strong>et</strong></span> <span class='ocrx_word' id='word_1_138' title='bbox 846 4219 999 4292; x_wconf 92' lang='lat' dir='ltr'><strong>maculae</strong></span> <span class='ocrx_word' id='word_1_139' title='bbox 1011 4220 1170 4316; x_wconf 90' lang='lat' dir='ltr'><strong>scapinae</strong></span> <span class='ocrx_word' id='word_1_140' title='bbox 1185 4220 1269 4317; x_wconf 92' lang='lat' dir='ltr'><strong>pilei</strong></span> <span class='ocrx_word' id='word_1_141' title='bbox 1281 4221 1398 4316; x_wconf 78' lang='lat' dir='ltr'><strong>nigra3</strong></span> 
     </span>
     <span class='ocr_line' id='line_1_23' title="bbox 150 4359 1397 4458; baseline 0.001 -23"><span class='ocrx_word' id='word_1_142' title='bbox 150 4366 241 4437; x_wconf 90' lang='lat' dir='ltr'><strong>vitta</strong></span> <span class='ocrx_word' id='word_1_143' title='bbox 260 4372 381 4437; x_wconf 90' lang='lat' dir='ltr'><strong>autem</strong></span> <span class='ocrx_word' id='word_1_144' title='bbox 400 4362 609 4458; x_wconf 88' lang='lat' dir='ltr'><strong>mystacalis</strong></span> <span class='ocrx_word' id='word_1_145' title='bbox 628 4371 707 4434; x_wconf 89' lang='lat' dir='ltr'><strong>atra</strong></span> <span class='ocrx_word' id='word_1_146' title='bbox 726 4386 798 4435; x_wconf 94' lang='lat' dir='ltr'><strong>non</strong></span> <span class='ocrx_word' id='word_1_147' title='bbox 818 4359 939 4435; x_wconf 84' lang='lat' dir='ltr'><strong>differt</strong></span> <span class='ocrx_word' id='word_1_148' title='bbox 957 4364 1001 4436; x_wconf 87' lang='lat' dir='ltr'><strong>ab</strong></span> <span class='ocrx_word' id='word_1_149' title='bbox 1021 4387 1063 4436; x_wconf 87' lang='lat' dir='ltr'><strong>ea</strong></span> <span class='ocrx_word' id='word_1_150' title='bbox 1082 4361 1284 4436; x_wconf 87' lang='lat' dir='ltr'><strong>Glandarii.</strong></span> <span class='ocrx_word' id='word_1_151' title='bbox 1324 4362 1397 4436; x_wconf 87' lang='lat' dir='ltr'><strong>Ro-</strong></span> 
     </span>
    </p>
   </div>
   <div class='ocr_carea' id='block_1_13' title="bbox 0 0 1602 4986">
    <p class='ocr_par' dir='ltr' id='par_1_13' title="bbox 0 0 1602 4986">
     <span class='ocr_line' id='line_1_24' title="bbox 0 0 1602 4986; baseline 0 5"><span class='ocrx_word' id='word_1_152' title='bbox 0 0 1602 4986; x_wconf 95' lang='lat' dir='ltr'><strong> </strong></span> 
     </span>
    </p>
   </div>
  </div>
 </body>
</html>
