3196 4986
1447 340 1462 402 5

216 560 338 632 antico
352 559 497 655 oblique
512 558 557 633 ad
572 559 790 634 auchenium
806 559 993 633 adscendit
1012 568 1047 632 et
1062 568 1199 655 partem
1216 560 1297 631 colli
1317 559 1462 632 inserin-

216 725 305 787 rem,
314 712 351 775 et
362 702 544 797 praecipue
558 702 911 799 anticam,plumulis
924 702 1094 774 brevibus
1106 699 1341 796 fusco-nigris
1354 701 1463 775 vesti-

214 853 290 917 tam
304 867 325 915 a
338 852 485 938 pectore
498 852 534 916 et
548 844 656 916 dorso
675 843 863 940 disjungit.
893 843 1088 939 Reliquum
1103 852 1221 916 totum
1236 867 1368 938 corpus
1383 844 1462 917 ubi·

216 1008 286 1080 que
298 985 452 1057 obscure
462 984 620 1070 fuscum,
634 1009 698 1058 scu
710 984 991 1080 fusco-nigrum,
1004 985 1166 1079 exceptis
1179 985 1376 1079 remigibus
1391 986 1462 1080 pri-

214 1127 338 1198 mariis
357 1124 456 1200 atris.
510 1125 610 1198 Dum
629 1126 707 1200 avis
725 1127 763 1198 in
783 1137 877 1200 terra
895 1127 1107 1221 ingreditur,
1127 1125 1253 1198 caudae
1278 1125 1460 1213 rectrices,

214 1291 369 1362 quarum
387 1267 599 1354 duodecim,
628 1291 697 1341 usu
724 1268 938 1364 plerumque
956 1267 1020 1340 tali
1043 1266 1150 1338 modo
1169 1265 1401 1352 deteruntur,
1422 1277 1462 1339 ut

212 1409 405 1482 rhacbidcs
425 1409 532 1482 nudae
549 1408 657 1505 longe
676 1419 832 1483 exstent.

313 1695 466 1770 Habitat
483 1696 522 1769 in
541 1696 799 1793 promontoriis
814 1694 1055 1771 Uralensibus
1073 1696 1293 1771 australibus
1311 1706 1347 1770 et
1365 1696 1461 1769 occi-

212 1837 430 1923 dentalibus,
446 1839 485 1910 in
502 1838 682 1912 montosis
699 1839 795 1912 inter
807 1839 940 1912 fluvios
956 1838 1164 1913 Sacmaram
1181 1849 1217 1913 et
1232 1838 1284 1925 lc,
1301 1862 1367 1911 nec
1386 1861 1461 1910 non

211 1980 250 2051 in
278 1980 465 2053 montibus
492 1981 636 2054 silvosis
663 1979 1019 2078 Obtschei-Syrt
1046 1981 1252 2068 altioribus,
1281 1980 1344 2077 qui
1370 1979 1461 2075 jugo

211 2119 383 2194 Uraleusi
396 2123 562 2218 proximi.
584 2121 816 2196 Nidilicatin
828 2123 1014 2196 altissimis
1027 2124 1229 2196 arboribus,
1253 2085 1459 2206 Femellam,

211 2262 248 2334 in
268 2263 475 2359 plumarum
494 2265 697 2338 mutatione
714 2273 944 2359 occupatam,
960 2289 983 2337 a
1000 2265 1086 2338 nido
1104 2265 1311 2338 evolantem
1329 2263 1461 2336 occidit

212 2388 349 2478 mensis
357 2403 440 2477 Iulii
451 2425 465 2478 1
474 2412 554 2506 5-to
562 2404 633 2488 die,
642 2427 740 2477 anno
750 2425 764 2478 1
774 2400 1124 2504 836,nobilissimus‚
1132 2403 1460 2478 excellentissimus

214 2543 262 2616 D.
282 2544 484 2642 Pcrovs'ky,
512 2545 711 2642 provinciae
736 2543 1029 2642 Orenburgensis
1056 2545 1253 2643 praesectus
1281 2545 1458 2620 militaris,

213 2685 345 2761 Postea
363 2686 514 2782 jubente
531 2687 719 2783 Perovsky
738 2688 940 2784 compluria
958 2688 1158 2775 individua,
1173 2687 1348 2762 cadavere
1365 2686 1460 2760 ines·

210 2838 304 2916 cata,
323 2831 445 2903 occisa
463 2842 562 2919 sunt,
583 2854 736 2928 quorum
756 2830 830 2903 duo
849 2831 1027 2926 possideo.

540 3454 750 3530 vunruu
783 3456 984 3532 suevus
1013 3459 1124 3533 erus.

289 3725 406 3788 Brisson
430 3727 501 3787 Oru.
533 3729 558 3786 1.
586 3748 617 3807 p.
647 3728 717 3799 462.
742 3748 772 3786 n.
804 3745 830 3802 7.
848 3728 1056 3788 —Nuumann
1081 3727 1174 3806 ngel
1198 3727 1350 3788 Deutschl.
1376 3729 1401 3786 1.
1428 3747 1457 3805 p.

212 3831 334 3890 162.-

308 4079 352 4152 V.
406 4079 850 4177 ferrugineo-luscescens,
870 4078 1051 4165 sordidus,
1071 4081 1189 4175 capite
1207 4089 1244 4153 et
1262 4080 1357 4153 collo
1377 4080 1455 4175 plu-

409 4222 519 4295 mulis
530 4223 683 4295 minutis
695 4220 920 4317 lanuginosis
933 4222 1458 4317 albidisaequalitervestitis,-

409 4365 535 4437 collari
554 4363 743 4437 dimidiato
767 4363 948 4450 euchenii,
969 4364 1103 4460 plumis
1128 4364 1305 4458 elongatis
1331 4365 1457 4459 pilosis
