3196 4986
197 308 236 377 r8
411 299 604 372 Annunnn
634 323 683 372 nn
711 300 897 374 Pancnsrr
926 301 1230 374 Zoonnnrrrrnu.

428 548 530 643 digiti
559 552 667 634 medii
696 552 773 624 sine
800 575 923 647 ungue
950 548 1000 646 6}

426 691 529 786 digiti
549 693 680 787 postici
703 694 780 766 sine
799 717 921 788 ungue
949 691 997 792 3}

529 1147 696 1222 snum
728 1149 1113 1222 Nrsoummcflsa.
1347 1121 1360 1158 '

308 1368 344 1440 S.
398 1395 507 1464 supra
545 1371 700 1457 cinerea,
744 1371 872 1444 subtus
917 1373 997 1444 alba
1038 1371 1183 1443 cinereo
1225 1368 1445 1442 imbricatim

396 1512 602 1599 undulata,
652 1514 866 1586 rectricibus
914 1515 1085 1608 utrinque
1132 1511 1248 1584 tribus
1300 1513 1449 1584 extimis

399 1655 559 1750 margine
587 1656 730 1727 interno
758 1656 829 1728 late
859 1655 963 1740 albis,
993 1655 1108 1727 oculis
1136 1653 1361 1725 flavissimis.

209 1900 211 1906 Ι
307 1925 350 1998 In
393 1892 549 1999 arbustis
591 1927 775 2022 paludosis
813 1951 925 2022 prope
960 1927 1081 2000 Casan
1117 1927 1343 2022 frequentem
1379 1929 1445 2000 ob-

196 2069 338 2140 servavi
379 2093 475 2141 anno
517 2080 663 2166 praeter
701 2073 804 2166 lapso
843 2069 983 2167 (1834).
1051 2069 1107 2142 Ex
1143 2093 1216 2142 una
1251 2070 1447 2144 arbuscula

195 2211 234 2281 in
260 2211 409 2284 alteram
443 2214 645 2285 transvolat
677 2213 777 2286 etin
806 2237 951 2300 summo
984 2236 1086 2284 ramo
1112 2212 1265 2297 sedena,
1302 2204 1446 2307 praeter

196 2362 342 2425 cantum
380 2351 503 2425 Silviis
537 2353 736 2448 proprium,
775 2354 967 2426 clamorem
1001 2353 1051 2425 illi
1091 2353 1248 2447 passeris
1279 2353 1362 2425 irati
1397 2353 1442 2424 si-

198 2495 315 2567 milem
352 2495 458 2569 tollit.
510 2495 667 2569 Victitat
694 2495 854 2582 insectis,
889 2495 952 2568 sed
987 2495 1182 2592 praecipue
1207 2517 1442 2590 permagnam
1543 2565 1550 2576 ,

195 2638 338 2734 copiam
368 2637 524 2709 heli'eum
553 2639 777 2710 minutarum
805 2638 842 2709 in
868 2637 946 2732 ejus
974 2638 1177 2710 ventriculo
1204 2637 1341 2709 inveni.

194 2953 407 3048 Descriptio.
459 2951 491 3024 E
539 2953 709 3024 maximis
755 2952 866 3049 hujus
910 2954 1065 3048 generis.
1137 2953 1256 3050 Supra
1307 2954 1443 3028 cinerei

296 3094 427 3169 coloris
468 3095 530 3192 qui
575 3096 760 3190 paululum
803 3094 1004 3182 fuscescit;
1049 3066 1234 3192 plumulae
1274 3097 1444 3191 urop''gii

294 3251 330 3311 et
366 3239 534 3312 tectrices
570 3245 707 3312 alarum
741 3239 860 3312 fascia.
882 3239 996 3335 apicis
1029 3239 1231 3336 nigricante
1263 3247 1439 3325 notatae,

294 3405 439 3454 summo
475 3382 577 3476 apice
608 3390 729 3454 autem
762 3381 843 3453 albo
875 3380 1101 3453 terminatae.
1173 3379 1312 3452 Subtus
1344 3381 1439 3465 alba,

294 3523 452 3595 fasciolis
487 3523 622 3595 crebris
657 3522 843 3595 undulatis
875 3522 1141 3618 nigricantibus
1178 3523 1236 3595 vel
1271 3521 1439 3607 cinereis,

293 3663 460 3737 Falconis
492 3663 562 3735 nisi
593 3664 720 3748 instar,
753 3664 860 3758 gulae
897 3674 932 3736 et
972 3663 1148 3758 ingluviei
1182 3663 1438 3747 crebrioribus,

294 3804 652 3902 hypochondriorum
689 3816 725 3877 et
762 3805 865 3877 crissi
901 3805 1100 3900 majoribus
1140 3814 1176 3878 et
1219 3804 1441 3900 squamatim

293 3946 508 4041 dispositis3
553 3956 680 4041 pectus
727 3947 839 4040 magis
874 3947 1063 4020 albescit.v
1110 3946 1153 4018 In
1193 3945 1340 4041 juniore
1373 3970 1441 4019 ave

242 4185 247 4206 ι
293 4089 463 4161 fasciolae
502 4088 664 4160 rariores.
748 4089 841 4161 Alae
880 4087 1005 4161 fuscae
1044 4088 1167 4161 fasciis
1207 4088 1347 4161 duabus
1391 4089 1441 4160 al·

293 4231 348 4302 bis
384 4230 564 4325 obliquis,
602 4253 667 4329 per
696 4230 834 4326 apicem
867 4231 1056 4304 lectricum
1094 4231 1216 4304 album
1248 4229 1438 4314 formatis;

292 4396 413 4444 remex
445 4371 584 4466 primus
614 4373 776 4468 margine
808 4383 959 4445 externo
991 4372 1205 4445 tenuissimo
1238 4370 1347 4459 alb0,
1380 4394 1439 4442 ce-
